@article{charnov1976optimal,
  title={Optimal foraging, the marginal value theorem},
  author={Charnov, Eric L},
  journal={Theoretical population biology},
  volume={9},
  number={2},
  pages={129--136},
  year={1976},
  publisher={Elsevier}
}

@incollection{de2014parochial,
  title={{Parochial cooperation in humans: Forms and functions of self-sacrifice in intergroup conflict}},
  author={de Dreu, Carsten KW and Balliet, Daniel and Halevy, Nir},
  booktitle={Advances in Motivation Science},
  volume={1},
  pages={1--47},
  year={2014},
  publisher={Elsevier}
}

@article{junker1996hunter,
  title={Hunter-gatherer landscapes and lowland trade in the prehispanic Philippines},
  author={Junker, Laura Lee},
  journal={World Archaeology},
  volume={27},
  number={3},
  pages={389--410},
  year={1996},
  publisher={Taylor \& Francis}
}

@techreport{michalopoulos2012trade,
  title={Trade and Geography in the Origins and Spread of Islam},
  author={Michalopoulos, Stelios and Naghavi, Alireza and Prarolo, Giovanni},
  year={2012},
  institution={National Bureau of Economic Research}
}

@article{lathrap1973antiquity,
  title={The antiquity and importance of long-distance trade relationships in the moist tropics of pre-{Columbian South America}},
  author={Lathrap, Donald W},
  journal={World Archaeology},
  volume={5},
  number={2},
  pages={170--186},
  year={1973},
  publisher={Taylor \& Francis}
}



@article{bollig1993intra,
  title={{Intra-and interethnic conflict in northwest Kenya: A multicausal analysis of conflict behaviour}},
  author={Bollig, Michael},
  journal={Anthropos},
  volume={88},
  number={1-3},
  pages={176--184},
  year={1993},
  publisher={JSTOR}
}

@article{ensminger1997transaction,
  title={Transaction costs and Islam: Explaining conversion in Africa},
  author={Ensminger, Jean},
  journal={Journal of Institutional and Theoretical Economics (JITE)/Zeitschrift f{\"u}r die gesamte Staatswissenschaft},
  pages={4--29},
  year={1997},
  publisher={JSTOR}
}

@article{yamagishi2008exchanges,
  title={Exchanges of group-based favours: Ingroup bias in the prisoner's dilemma game with minimal groups in Japan and New Zealand},
  author={Yamagishi, Toshio and Mifune, Nobuhiro and Liu, James H and Pauling, Joel},
  journal={Asian Journal of Social Psychology},
  volume={11},
  number={3},
  pages={196--207},
  year={2008},
  publisher={Wiley Online Library}
}

@TECHREPORT{RePEc:osf:socarx:bwtvu,
title = {Sustaining Cultural Diversity Through Cross-Cultural Competence},
author = {Bunce, John},
year = {2020},
institution = {Center for Open Science},
type = {SocArXiv},
number = {bwtvu},
abstract = {In much contemporary political discourse, valued cultural characteristics are threatened by interaction with culturally-distinct others, such as immigrants or a hegemonic majority. Such interaction often fosters cross-cultural competence (CCC), the ability to interact successfully across cultural boundaries. However most theories of cultural dynamics ignore CCC, making cultural diversity incompatible with mutually-beneficial inter-group interaction, and contributing to fears of cultural loss. Here, new theory, incorporating competing developmental paths to CCC and group identity valuation, illuminates how a common strategy of disempowered minorities can counter-intuitively sustain cultural diversity: Given strong group identity, minorities in a structurally-unequal, integrative society can maintain their distinctive cultural norms by learning those of the majority. Simple field methods in an Amazonian population demonstrate how to assess such strategies' effectiveness given predicted dynamics.},
url = {https://EconPapers.repec.org/RePEc:osf:socarx:bwtvu}
}

@article{stark2012double,
  title={The double edge of common interest: Ethnic segregation as an unintended byproduct of opinion homophily},
  author={Stark, Tobias H and Flache, Andreas},
  journal={Sociology of Education},
  volume={85},
  number={2},
  pages={179--199},
  year={2012},
  publisher={Sage Publications Sage CA: Los Angeles, CA}
}

@article{smith1988risk,
  title={Risk and uncertainty in the ‘original affluent society’: Evolutionary ecology of resource-sharing and land tenure},
  author={Smith, Eric Alden},
  journal={Hunters and gatherers},
  volume={1},
  number={222},
  pages={e251},
  year={1988},
  publisher={Berg Oxford}
}

@article{selwyn2000anthropology,
  title={An anthropology of hospitality},
  author={Selwyn, Tom},
  journal={In search of hospitality: Theoretical perspectives and debates},
  pages={18--37},
  year={2000},
  publisher={Butterworth-Heinemann Oxford}
}

@article{malinowski1922argonauts,
  title={Argonauts of the Western Pacific},
  author={Malinowski, Bronislaw},
  year={1922}
}

@book{chapais2009primeval,
  title={Primeval kinship: How pair-bonding gave birth to human society},
  author={Chapais, Bernard},
  year={2009},
  publisher={Harvard University Press}
}

@article{halbich2010ritual,
  title={Ritual compadrazgo as an instrument of interethnic and social adaptation among the Rar{\'a}muri in northwestern Mexico},
  author={Halbich, Marek},
  journal={Urban People / Lid{\'e} m{\v{e}}sta},
  volume={12},
  number={2},
  pages={331--384},
  year={2010},
  publisher={Fakulta humanitn{\'\i}ch studi{\'\i} Univerzity Karlovy}
}

@book{hruschka2010friendship,
  title={Friendship: Development, ecology, and evolution of a relationship},
  author={Hruschka, Daniel J},
  volume={5},
  year={2010},
  publisher={Univ of California Press}
}

@article{spielmann1986interdependence,
  title={Interdependence among egalitarian societies},
  author={Spielmann, Katherine Ann},
  journal={Journal of Anthropological Archaeology},
  volume={5},
  number={4},
  pages={279--312},
  year={1986},
  publisher={Elsevier}
}

@incollection{wiessner1982risk,
  title={Risk, reciprocity and social influences on Kung San economics.},
  author={Wiessner, Pauline},
  booktitle={Politics and history in band societies},
  editor={Leacock, Eleanor Burke and Lee, Richard B},
   pages={61--84},
  year={1982},
  publisher={CUP Archive}
}

@article{fitzhugh2011modeling,
  title={Modeling hunter-gatherer information networks: an archaeological case study from the Kuril Islands},
  author={Fitzhugh, Ben and Phillips, S Colby and Gjesfjeld, Erik},
  journal={Information and its role in hunter-gatherer bands},
  pages={85--115},
  year={2011},
  publisher={UCLA/Cotsen Institute of Archaeology Press Los Angeles}
}

@article{cashdan1983territoriality,
  title={Territoriality among human foragers: ecological models and an application to four Bushman groups},
  author={Cashdan, Elizabeth},
  journal={Current anthropology},
  volume={24},
  number={1},
  pages={47--66},
  year={1983},
  publisher={University of Chicago Press}
}

@article{choi2019parochialism,
  title={Parochialism, social norms, and discrimination against immigrants},
  author={Choi, Donghyun Danny and Poertner, Mathias and Sambanis, Nicholas},
  journal={Proceedings of the National Academy of Sciences},
  volume={116},
  number={33},
  pages={16274--16279},
  year={2019},
  publisher={National Acad Sciences}
}

@book{advani2015melting,
  title={Melting pot or salad bowl: The formation of heterogeneous communities},
  author={Advani, Arun and Reich, Bryony},
  year={2015},
  publisher={IFS Working Papers}
}

@article {Baldassarri1183,
	author = {Baldassarri, Delia and Abascal, Maria},
	title = {Diversity and prosocial behavior},
	volume = {369},
	number = {6508},
	pages = {1183--1187},
	year = {2020},
	journal = {Science}
}


@book{sigmund2009religious,
  title={Religious freedom and evangelization in Latin America: the challenge of religious pluralism},
  author={Sigmund, Paul E},
  year={2009},
  publisher={Wipf and Stock Publishers}
}

@article{bhui2019exploitation,
  title={How exploitation launched human cooperation},
  author={Bhui, Rahul and Chudek, Maciej and Henrich, Joseph},
  journal={Behavioral Ecology and Sociobiology},
  volume={73},
  number={6},
  pages={78},
  year={2019},
  publisher={Springer}
}

@article{celis2016,
author = {Leila Celis},
title ={The Legacy of Liberation Theology in Colombia: The Defense of Life and Territory},
journal = {Latin American Perspectives},
volume = {43},
number = {3},
pages = {69-84},
year = {2016},
doi = {10.1177/0094582X16639270},
URL = { 
        https://doi.org/10.1177/0094582X16639270  
},
eprint = { 
        https://doi.org/10.1177/0094582X16639270   
}
}




@article{henrich2010markets,
  title={Markets, religion, community size, and the evolution of fairness and punishment},
  author={Henrich, Joseph and Ensminger, Jean and McElreath, Richard and Barr, Abigail and Barrett, Clark and Bolyanatz, Alexander and Cardenas, Juan Camilo and Gurven, Michael and Gwako, Edwins and Henrich, Natalie and others},
  journal={science},
  volume={327},
  number={5972},
  pages={1480--1484},
  year={2010},
  publisher={American Association for the Advancement of Science}
}

@article{norenzayan2016cultural,
  title={The cultural evolution of prosocial religions},
  author={Norenzayan, Ara and Shariff, Azim F and Gervais, Will M and Willard, Aiyana K and McNamara, Rita A and Slingerland, Edward and Henrich, Joseph},
  journal={Behavioral and brain sciences},
  volume={39},
  year={2016},
  publisher={Cambridge University Press}
}

@article{shaver2018boundaries,
  title={The boundaries of trust: Cross-religious and cross-ethnic field experiments in {Mauritius}},
  author={Shaver, John H and Lang, Martin and Kr{\'a}tk{\`y}, Jan and Klocov{\'a}, Eva Kundtov{\'a} and Kundt, Radek and Xygalatas, Dimitris},
  journal={Evolutionary Psychology},
  volume={16},
  number={4},
  pages={1474704918817644},
  year={2018},
  publisher={SAGE Publications Sage CA: Los Angeles, CA}
}

@article{bushman2007god,
  title={When {God} sanctions killing: Effect of scriptural violence on aggression},
  author={Bushman, Brad J and Ridge, Robert D and Das, Enny and Key, Colin W and Busath, Gregory L},
  journal={Psychological Science},
  volume={18},
  number={3},
  pages={204--207},
  year={2007},
  publisher={SAGE Publications Sage CA: Los Angeles, CA}
}

@article{mccullough2016christian,
  title={Christian religious badges instill trust in {Christian and non-Christian} perceivers.},
  author={McCullough, Michael E and Swartwout, Paul and Shaver, John H and Carter, Evan C and Sosis, Richard},
  journal={Psychology of Religion and Spirituality},
  volume={8},
  number={2},
  pages={149},
  year={2016},
  publisher={Educational Publishing Foundation}
}

@article{clingingsmith2009estimating,
  title={{Estimating the impact of the Hajj: Religion and tolerance in Islam's global gathering}},
  author={Clingingsmith, David and Khwaja, Asim Ijaz and Kremer, Michael},
  journal={The Quarterly Journal of Economics},
  volume={124},
  number={3},
  pages={1133--1170},
  year={2009},
  publisher={MIT Press}
}

@article{ginges2016thinking,
  title={Thinking from {God's} perspective decreases biased valuation of the life of a nonbeliever},
  author={Ginges, Jeremy and Sheikh, Hammad and Atran, Scott and Argo, Nichole},
  journal={Proceedings of the National Academy of Sciences},
  volume={113},
  number={2},
  pages={316--319},
  year={2016},
  publisher={National Acad Sciences}
}

@article{preston2013different,
  title={Different effects of religion and {God} on prosociality with the ingroup and outgroup},
  author={Preston, Jesse Lee and Ritter, Ryan S},
  journal={Personality and Social Psychology Bulletin},
  volume={39},
  number={11},
  pages={1471--1483},
  year={2013},
  publisher={Sage Publications Sage CA: Los Angeles, CA}
}

@article{purzycki2018evolution,
  title={The evolution of religion and morality: A synthesis of ethnographic and experimental evidence from eight societies},
  author={Purzycki, Benjamin Grant and Henrich, Joseph and Apicella, Coren and Atkinson, Quentin D and Baimel, Adam and Cohen, Emma and McNamara, Rita Anne and Willard, Aiyana K and Xygalatas, Dimitris and Norenzayan, Ara},
  journal={Religion, Brain \& Behavior},
  volume={8},
  number={2},
  pages={101--132},
  year={2018},
  publisher={Taylor \& Francis}
}

@article{bowles2008being,
  title={Being human: Conflict: Altruism's midwife},
  author={Bowles, Samuel},
  journal={Nature},
  volume={456},
  number={7220},
  pages={326--327},
  year={2008},
  publisher={Nature Publishing Group}
}

@article{hao2015need,
  title={Need-based transfers on a network: A model of risk-pooling in ecologically volatile environments},
  author={Hao, Yan and Armbruster, Dieter and Cronk, Lee and Aktipis, C Athena},
  journal={Evolution and Human Behavior},
  volume={36},
  number={4},
  pages={265--273},
  year={2015},
  publisher={Elsevier}
}


@article{winterhalder1997gifts,
  title={Gifts given, gifts taken: The behavioral ecology of nonmarket, intragroup exchange},
  author={Winterhalder, Bruce},
  journal={Journal of Archaeological Research},
  volume={5},
  number={2},
  pages={121--168},
  year={1997},
  publisher={Springer}
}


@article{winterhalder1996marginal,
  title={A marginal model of tolerated theft},
  author={Winterhalder, Bruce},
  journal={Ethology and Sociobiology},
  volume={17},
  number={1},
  pages={37--53},
  year={1996},
  publisher={Elsevier}
}

@article{jones1984selfish,
  title={A selfish origin for human food sharing: Tolerated theft},
  author={Jones, NG Blurton},
  journal={Ethology and Sociobiology},
  volume={5},
  number={1},
  pages={1--3},
  year={1984},
  publisher={Elsevier}
}

@article{aktipis2016cooperation,
  title={Cooperation in an uncertain world: {For the Maasai of East Africa}, need-based transfers outperform account-keeping in volatile environments},
  author={Aktipis, Athena and De Aguiar, Rolando and Flaherty, Anna and Iyer, Padmini and Sonkoi, Dennis and Cronk, Lee},
  journal={Human Ecology},
  volume={44},
  number={3},
  pages={353--364},
  year={2016},
  publisher={Springer}
}

@article{baerveldt2007ethnic,
  title={Ethnic boundaries in high school students' networks in {Flanders and the Netherlands}},
  author={Baerveldt, Chris and Zijlstra, Bonne and De Wolf, Muriel and Van Rossem, Ronan and Van Duijn, Marijtje AJ},
  journal={International Sociology},
  volume={22},
  number={6},
  pages={701--720},
  year={2007},
  publisher={Sage Publications Sage UK: London, England}
}



@article{hooper2015inclusive,
  title={Inclusive fitness and differential productivity across the life course determine intergenerational transfers in a small-scale human society},
  author={Hooper, Paul L and Gurven, Michael and Winking, Jeffrey and Kaplan, Hillard S},
  journal={Proceedings of the Royal Society B},
  volume={282},
  number={1803},
  pages={20142808},
  year={2015},
  publisher={The Royal Society}
}

@incollection{cronk2019managing,
  title={Managing risk through cooperation: Need-based transfers and risk pooling among the societies of the {Human Generosity Project}},
  author={Cronk, Lee and Berbesque, Colette and Conte, Thomas and Gervais, Matthew and Iyer, Padmini and McCarthy, Brighid and Sonkoi, Dennis and Townsend, Cathryn and Aktipis, Athena},
  booktitle={Global Perspectives on Long Term Community Resource Management},
  pages={41--75},
  year={2019},
  publisher={Springer}
}

@article{peterson1993demand,
  title={Demand sharing: Reciprocity and the pressure for generosity among foragers},
  author={Peterson, Nicolas},
  journal={American Anthropologist},
  volume={95},
  number={4},
  pages={860--874},
  year={1993},
  publisher={Wiley Online Library}
}



@article{zefferman2015evolutionary,
  title={An evolutionary theory of large-scale human warfare: Group-structured cultural selection},
  author={Zefferman, Matthew R and Mathew, Sarah},
  journal={Evolutionary Anthropology},
  volume={24},
  number={2},
  pages={50--61},
  year={2015},
  publisher={Wiley Online Library}
}

@article{cashdan2001ethnocentrism,
  title={Ethnocentrism and xenophobia: A cross-cultural study},
  author={Cashdan, Elizabeth},
  journal={Current Anthropology},
  volume={42},
  number={5},
  pages={760--764},
  year={2001},
  publisher={The University of Chicago Press}
}

@article{brewer2006evolutionary,
  title={An evolutionary perspective on social identity: Revisiting groups},
  author={Brewer, Marilynn B and Caporael, Linnda R},
  journal={Evolution and Social Psychology},
  volume={143},
  pages={161},
  year={2006}
}

@book{minnis1985social,
  title={Social adaptation to food stress: A prehistoric southwestern example},
  author={Minnis, Paul E},
  year={1985},
  publisher={University of Chicago Press}
}

@book{bernard2017research,
  title={Research methods in anthropology: Qualitative and quantitative approaches},
  author={Bernard, H Russell},
  year={2017},
  publisher={Rowman \& Littlefield}
}

@book{rao2014applied,
  title={Applied conjoint analysis},
  author={Rao, Vithala R and others},
  year={2014},
  publisher={Springer}
}

@article{braun1982evolution,
  title={Evolution of “tribal” social networks: theory and prehistoric 
 American evidence},
  author={Braun, David P and Plog, Stephen},
  journal={American Antiquity},
  volume={47},
  number={3},
  pages={504--525},
  year={1982},
  publisher={Cambridge University Press}
}

@article{habyarimana2007does,
  title={Why does ethnic diversity undermine public goods provision?},
  author={Habyarimana, James and Humphreys, Macartan and Posner, Daniel N and Weinstein, Jeremy M},
  journal={American Political Science Review},
  volume={101},
  number={4},
  pages={709--725},
  year={2007},
  publisher={Cambridge University Press}
}

@book{bollig2010risk,
  title={Risk management in a hazardous environment: A comparative study of two pastoral societies},
  author={Bollig, Michael},
  volume={2},
  year={2010},
  publisher={Springer Science \& Business Media}
}

@article{reeve1993regional,
  title={{Regional interaction in the Western Amazon: The early colonial encounter and the Jesuit years}: 1538-1767},
  author={Reeve, Mary-Elizabeth},
  journal={Ethnohistory},
  pages={106--138},
  year={1993},
  publisher={JSTOR}
}

@article{moya2015different,
  title={Different selection pressures give rise to distinct ethnic phenomena},
  author={Moya, Cristina and Boyd, Robert},
  journal={Human Nature},
  volume={26},
  number={1},
  pages={1--27},
  year={2015},
  publisher={Springer}
}

@book{albo2007bolivia,
  title={Por una Bolivia plurinacional e intercultural con autonom{\'\i}as},
  author={Alb{\'o}, Xavier and Suvelza, Franz Xavier Barrios},
  volume={22},
  year={2007},
  publisher={PNUD La Paz}
}

@book{reyes2010integration,
  title={Integration to the market economy, social capital, and credit: Estimates with longitudinal data from an Amazonian society},
  author={Reyes-Garc{\'\i}a, Victoria and Ruiz-Mall{\'e}n, Isabel and Huanca, Tom{\'a}s and McDade, Thomas W and Leonard, William R and Tanner, Susan and others},
  url={https://www.heller.brandeis.edu/sustainable-international-development/tsimane/wp/TAPS-WP-63.pdf},
  publisher={TAPS Working Paper},
  year={2010}
}

@article{gurven2015does,
  title={{Does market integration buffer risk, erode traditional sharing practices and increase inequality? A test among Bolivian forager-farmers}},
  author={Gurven, Michael and Jaeggi, Adrian V and Von Rueden, Chris and Hooper, Paul L and Kaplan, Hillard},
  journal={Human Ecology},
  volume={43},
  number={4},
  pages={515--530},
  year={2015},
  publisher={Springer}
}

@article{fontana2014indigenous,
  title={The ‘indigenous native peasant’ trinity: {Imagining a plurinational community in Evo Morales's Bolivia}},
  author={Fontana, Lorenza},
  journal={Environment and Planning D: Society and Space},
  volume={32},
  number={3},
  pages={518--534},
  year={2014},
  publisher={SAGE Publications Sage UK: London, England}
}

@article{iglesiasvoces,
  title={Las voces {\'e}tnicas en el {Acuerdo de Paz de Colombia}: {U}na resistencia ontol{\'o}gica},
  author={Iglesias, Ana Isabel Rodr{\'i}guez},
  journal={Relaciones Internacionales},
  volume={39},
  year={2018}
}

@misc{slavenote,
    author    ={{Benson Latin American Collection}},
    title     = {Collection of Manuscripts Relating to Slavery in {Colombia}, 1779-1852},
    year     = {1779-1852},
  howpublished={University of Texas Libraries}
}

@article{wade2002introduction,
  title={{Introduction: the Colombian Pacific in perspective}},
  author={Wade, Peter},
  journal={Journal of Latin American Anthropology},
  volume={7},
  number={2},
  pages={2--33},
  year={2002},
  publisher={Wiley Online Library}
}


@incollection{davis2002indigenous,
  title={{Indigenous peoples, poverty and participatory development: The experience of the World Bank in Latin America}},
  author={Davis, Shelton H},
  booktitle={Multiculturalism in Latin America},
  pages={227--251},
  year={2002},
  publisher={Springer}
}

@article{castillo2009discourse,
  title={Discourse and racism in {Colombia}: Five centuries of invisibility and exclusion},
  author={Castillo, Sandra Soler and Abril, Neyla Graciela Pardo},
  journal={Racism and Discourse in Latin America},
  pages={131--170},
  year={2009},
  publisher={Rowman \& Littlefield Lanham, MD}
}

@article{ossa2016outlining,
  title={Outlining the ancestry landscape of {Colombian} admixed populations},
  author={Ossa, Humberto and Aquino, Juliana and Pereira, Rui and Ibarra, Adriana and Ossa, Rafael H and P{\'e}rez, Luz Adriana and Granda, Juan David and Lattig, Maria Claudia and Groot, Helena and de Carvalho, Elizeu Fagundes and others},
  journal={PLoS One},
  volume={11},
  number={10},
  year={2016},
  publisher={Public Library of Science}
}

@article{ng2000titling,
  title={On Titling Collective Property, Participation, and Natural Resource Management: Implementing {Indigenous and Afro-Colombian} Demands},
  author={Ng’weno, Bettina},
  journal={World Bank},
  pages={1--83},
  year={2000}
}

@article{velasco2011contested,
  title={Contested territoriality: Ethnic challenges to {C}olombia's territorial regimes},
  author={Velasco, Marcela},
  journal={Bulletin of Latin American Research},
  volume={30},
  number={2},
  pages={213--228},
  year={2011},
  publisher={Wiley Online Library}
}

@article{gilbertomurillo2001el,
  title={{El Choc\'o: The African heart of Colombia}},
  author={Murillo Urrutia, Luis Gilberto},
  journal={Journal of Pan African Studies},
  volume={8},
  number={2},
  pages={256--260},
  year={2015}
}

@book{DAN051,
author = {DANE},
title = {Census de Colombia},
journal = {Departamento Administrativo Nacional de Estad\'istica},
year = {2005}
}

@book{Can00,
author = {Cantor, Erik },
address = {Bogota},
title = {Ni Aniquilados, Ni Vencidos: Los Emberá y la gente negra del Atrato bajo el dominio español. Siglo XVIII},
year = {2000},
publisher = {Instituto Colombiano de Antropología e Historia}
}

@article{Rei60,
author = {Reichel-Dolmatoff, G. },
title = {Notas Etnograficas Sobre Los Indios Del Choco},
journal = {Revista Colombiana de Antropología},
year = {1960},
volume = {9},
pages = {73--158}
}

@book{Cay73,
author = {Cayón, Edgardo },
address = {Bogota},
title = {Estudios Sobre El Groupo Indigena Chamí},
year = {1973},
publisher = {Biblioteca Banco de la Republica},
volume = {2}
}

@book{Rei55,
author = {Reichel-Dolmatoff, G. },
address = {Bogota},
title = {Diarios de Viaje del P. Joseph Palacios de la Vega Entre los Indios y Negros de la Provincia de Cartegena en el Nuevo Reino de Granada: 1787-1788},
year = {1955},
publisher = {ABC Bogota}
}

@article{castillo2009discourse,
  title={Discourse and racism in Colombia: Five centuries of invisibility and exclusion},
  author={Castillo, Sandra Soler and Abril, Neyla Graciela Pardo},
  journal={Racism and discourse in Latin America},
  pages={131--170},
  year={2009},
  publisher={Rowman \& Littlefield Lanham, MD}
}

@article{escobar2003displacement,
  title={{Displacement, development, and modernity in the Colombian Pacific}},
  author={Escobar, Arturo},
  journal={International Social Science Journal},
  volume={55},
  number={175},
  pages={157--167},
  year={2003},
  publisher={Wiley Online Library}
}

@article{camara2016amerindian,
  title={Amerindian and Afro-American perceptions of their traditional knowledge in the Choc{\'o} biodiversity hotspot},
  author={C{\'a}mara-Leret, Rodrigo and Copete, Juan C and Balslev, Henrik and Gomez, Marybel Soto and Mac{\'\i}a, Manuel J},
  journal={Economic Botany},
  volume={70},
  number={2},
  pages={160--175},
  year={2016},
  publisher={Springer}
}

@book{oyola2015religion,
  title={Religion, social memory and conflict: The massacre of {Bojay{\'a} in Colombia}},
  author={Oyola, Sandra Milena Rios},
  year={2015},
  publisher={Palgrave Macmillan UK}
}

@Inbook{Oyola2015,
author="Oyola, Sandra Milena Rios",
title="The Conflict in Colombia and Choc{\'o}",
bookTitle="Religion, Social Memory and Conflict: The Massacre of Bojay{\'a} in Colombia",
year="2015",
publisher="Palgrave Macmillan UK",
address="London",
pages="42--61",
abstract="This chapter provides a historical contextualisation of the conflict in Colombia and particularly in the region of Choc{\'o}, where the massacre of Bojay{\'a} took place in 2002. The first section provides a description of the analysis of the violence that has affected the country in the last 60 years and the transitional justice mechanisms that have been implemented since 2005, after the alleged demobilisation of the paramilitary army. The second section presents a description and analysis of the conflict in the region of Choc{\'o}, where the massacre of Bojay{\'a} took place. It explains how the violation of territorial and ethnic rights has influenced the conflict in the region. Understanding the social and political characteristics of the Colombian conflict permits to explain the challenges to a political and social transition in the country.",
isbn="978-1-137-46184-1",
doi="10.1057/9781137461841_4",
url="https://doi.org/10.1057/9781137461841_4"
}


@article{oyola2017local,
  title={The Local Church's Defence of Human and Ethnic Rights in {Choc{\'o}, Colombia}},
  author={Oyola, Sandra Milena Rios},
  journal={International Journal of Latin American Religions},
  volume={1},
  number={2},
  pages={309--330},
  year={2017},
  publisher={Springer}
}

@article{lang2019moralizing,
  title={Moralizing gods, impartiality and religious parochialism across 15 societies},
  author={Lang, Martin and Purzycki, Benjamin G and Apicella, Coren L and Atkinson, Quentin D and Bolyanatz, Alexander and Cohen, Emma and Handley, Carla and Kundtov{\'a} Klocov{\'a}, Eva and Lesorogol, Carolyn and Mathew, Sarah and others},
  journal={Proceedings of the Royal Society B},
  volume={286},
  number={1898},
  pages={20190202},
  year={2019},
  publisher={The Royal Society}
}

@article{ibanez2009forced,
  title={{Forced displacement in Colombia: Magnitude and causes}},
  author={Ib{\'a}{\~n}ez, Ana Mar{\'\i}a},
  journal={The Economics of Peace and Security Journal},
  volume={4},
  number={1},
  year={2009}
}

@article{MORAVERA2016,
   title = {{The dispute for land in Colombia over the resguardos: Concepts, analytical angles and standpoints}},
   journal = {{Papel Politico}},
   author={Mora Vera, Germ\'an Andr\'es},
   ISSN = {0122-4409},
   language = {es},
   URL = {http://www.scielo.org.co/scielo.php?script=sci_arttext&pid=S0122-44092016000100003&nrm=iso},
   volume = {21},
   year = {2016},
   month = {06},
   pages = {57 - 79}
   }
   
@article{bunce2017interethnic,
  title={Interethnic interaction, strategic bargaining power, and the dynamics of cultural norms},
  author={Bunce, John Andrew and McElreath, Richard},
  journal={Human Nature},
  volume={28},
  number={4},
  pages={434--456},
  year={2017},
  publisher={Springer}
}

@article{bunce2018sustainability,
  title={Sustainability of minority culture when inter-ethnic interaction is profitable},
  author={Bunce, John A and McElreath, Richard},
  journal={Nature Human Behaviour},
  volume={2},
  number={3},
  pages={205--212},
  year={2018},
  publisher={Nature Publishing Group}
}

@article{ross2015frequency,
  title={Frequency-dependent social transmission and the interethnic transfer of female genital modification in the {African diaspora and indigenous populations of Colombia}},
  author={Ross, Cody T and Campino, Patricia Joyas and Winterhalder, Bruce},
  journal={Human Nature},
  volume={26},
  number={4},
  pages={351--377},
  year={2015},
  publisher={Springer}
}

@article{henrich2001search,
  title={In search of \textit{Homo economicus}: Behavioral experiments in 15 small-scale societies},
  author={Henrich, Joseph and Boyd, Robert and Bowles, Samuel and Camerer, Colin and Fehr, Ernst and Gintis, Herbert and McElreath, Richard},
  journal={American Economic Review},
  volume={91},
  number={2},
  pages={73--78},
  year={2001}
}

@article{marlowe2008more,
  title={More `altruistic' punishment in larger societies},
  author={Marlowe, Frank W and Berbesque, J Colette and Barr, Abigail and Barrett, Clark and Bolyanatz, Alexander and Cardenas, Juan Camilo and Ensminger, Jean and Gurven, Michael and Gwako, Edwins and Henrich, Joseph and others},
  journal={Proceedings of the Royal Society B},
  volume={275},
  number={1634},
  pages={587--592},
  year={2008},
  publisher={The Royal Society London}
}

@article{cashdan2001ethnocentrism,
  title={Ethnocentrism and xenophobia: A cross-cultural study},
  author={Cashdan, Elizabeth},
  journal={Current anthropology},
  volume={42},
  number={5},
  pages={760--764},
  year={2001},
  publisher={The University of Chicago Press}
}

@article{gurven2008collective,
  title={Collective action in action: Prosocial behavior in and out of the laboratory},
  author={Gurven, Michael and Winking, Jeffrey},
  journal={American Anthropologist},
  volume={110},
  number={2},
  pages={179--190},
  year={2008},
  publisher={Wiley Online Library}
}

@article{winking2013natural,
  title={Natural-field dictator game shows no altruistic giving},
  author={Winking, Jeffrey and Mizer, Nicholas},
  journal={Evolution and Human Behavior},
  volume={34},
  number={4},
  pages={288--293},
  year={2013},
  publisher={Elsevier}
}

@article{lesorogol2007bringing,
  title={Bringing norms in: The role of context in experimental dictator games},
  author={Lesorogol, Carolyn K},
  journal={Current Anthropology},
  volume={48},
  number={6},
  pages={920--926},
  year={2007},
  publisher={The University of Chicago Press}
}

@article{yamagishi2013behavioral,
  title={Is behavioral pro-sociality game-specific? {Pro-social preference and expectations of pro-sociality}},
  author={Yamagishi, Toshio and Mifune, Nobuhiro and Li, Yang and Shinada, Mizuho and Hashimoto, Hirofumi and Horita, Yutaka and Miura, Arisa and Inukai, Keigo and Tanida, Shigehito and Kiyonari, Toko and others},
  journal={Organizational Behavior and Human Decision Processes},
  volume={120},
  number={2},
  pages={260--271},
  year={2013},
  publisher={Elsevier}
}

@article{pisor2012importing,
  title={Importing social preferences across contexts and the pitfall of over-generalization across theories},
  author={Pisor, Anne C and Fessler, Daniel MT},
  journal={Behavioral and Brain Sciences},
  volume={35},
  number={1},
  pages={34--35},
  year={2012},
  publisher={Cambridge University Press}
}

@article{lesorogol2005experiments,
  title={Experiments and ethnography: Combining methods for better understanding of behavior and change},
  author={Lesorogol, CarolynK},
  journal={Current Anthropology},
  volume={46},
  number={1},
  pages={129--136},
  year={2005},
  publisher={The University of Chicago Press}
}

@article{cronk2007influence,
  title={{The influence of cultural framing on play in the trust game: A Maasai example}},
  author={Cronk, Lee},
  journal={Evolution and Human Behavior},
  volume={28},
  number={5},
  pages={352--358},
  year={2007},
  publisher={Elsevier}
}

@article{sakel2011moseten,
  title={Moset{\'e}n and Chimane argument coding: A layered system},
  author={Sakel, Jeanette},
  journal={International Journal of American Linguistics},
  volume={77},
  number={4},
  pages={537--557},
  year={2011},
  publisher={University of Chicago Press Chicago, IL}
}

@book{ref947717999,
author={Nordenski{\"o}ld, Erland},
title={Exploraciones y aventuras en Sudam{\'e}rica},
year={2001},
publisher={Apoyo para el Campesino Ind{\'i}gena del Oriente Boliviano (APCOB)},
address={La Paz, Bolivia}
}


@book{mamani2010tsinsi,
  title={Tsinsi Ts{\"a}’si Tsinsi Chhuyitidye: Nuestra vida-nuestros conocimientos},
  author={Mamani, V. H., Soria, M., and Huasna Bozo, J},
  publisher={Pueblo Moset{\'e}n de Covendo. Cochabamba, Bolivia: Eibamaz, UMSS, UNICEF y PROEIB Andes},
  year={2010}
}

@incollection{ringhofer2010exploring,
  title={{Exploring an indigenous world in the Bolivian Amazon: The case of the Tsimane'}},
  author={Ringhofer, Lisa},
  booktitle={Fishing, foraging and farming in the Bolivian Amazon},
  pages={45--82},
  year={2010},
  publisher={Springer}
}

@article{gurven2007mortality,
  title={{Mortality experience of Tsimane Amerindians of Bolivia: Regional variation and temporal trends}},
  author={Gurven, Michael and Kaplan, Hillard and Supa, Alfredo Zelada},
  journal={American Journal of Human Biology},
  volume={19},
  number={3},
  pages={376--398},
  year={2007},
  publisher={Wiley Online Library}
}

@article{bert2001major,
  title={{Major mitochondrial DNA haplotype heterogeneity in highland and lowland Amerindian populations from Bolivia}},
  author={Bert, Francesc and Corella, Alfons and Gen{\'e}, Manel and P{\'e}rez-P{\'e}rez, Alejandro and Turb{\'o}n, Daniel},
  journal={Human Biology},
  pages={1--16},
  year={2001},
  volume={73},
  number={1},
}


@book{klein2011concise,
  title={A concise history of Bolivia},
  author={Klein, Herbert S},
  year={2011},
  publisher={Cambridge University Press}
}

@article{lathrap1973antiquity,
  title={The antiquity and importance of long-distance trade relationships in the moist tropics of pre-Columbian South America},
  author={Lathrap, Donald W},
  journal={World Archaeology},
  volume={5},
  number={2},
  pages={170--186},
  year={1973},
  publisher={Taylor \& Francis}
}

@article{list2007interpretation,
  title={On the interpretation of giving in dictator games},
  author={List, John A},
  journal={Journal of Political economy},
  volume={115},
  number={3},
  pages={482--493},
  year={2007},
  publisher={The University of Chicago Press}
}

@book{Llojlla2011,
  title={Historial de Tucup\'i},
  author={Llojlla Roca, J. M.},
  year={2011}
}

@book{tomas2008tsimane,
  title={Tsimane' oral tradition, landscape, and identity in tropical forest},
  author={ Huanca, Tom{\'a}s L},
  year={2008},
  publisher={South-South Exchange Programme for Research on the History of Development. La Paz, Bolivia}
}



@book{godoy2015natural,
  title={A natural experiment in westernization: Of {Faustian} deals and the primitive},
  author={Godoy, RA},
  publisher={Working Paper: Heller School for Social Policy and Management},
  year={2015}
}

@article{pisor2018diversify,
  title={When to diversify, and with whom? {C}hoosing partners among out-group strangers in lowland {B}olivia},
  author={Pisor, Anne C and Gurven, Michael},
  journal={Evolution and Human Behavior},
  volume={39},
  number={1},
  pages={30--39},
  year={2018},
  publisher={Elsevier}
}

@article{barclay2013strategies,
  title={Strategies for cooperation in biological markets, especially for humans},
  author={Barclay, Pat},
  journal={Evolution and Human Behavior},
  volume={34},
  number={3},
  pages={164--175},
  year={2013},
  publisher={Elsevier}
}


@article{hruschka2018learning,
  title={Learning from failures of protocol in cross-cultural research},
  author={Hruschka, Daniel J and Munira, Shirajum and Jesmin, Khaleda and Hackman, Joseph and Tiokhin, Leonid},
  journal={Proceedings of the National Academy of Sciences},
  volume={115},
  number={45},
  pages={11428--11434},
  year={2018},
  publisher={National Acad Sciences}
}

@incollection{xygalatasreligious,
address = {London},
author = {Xygalatas, Dimitris},
booktitle = {The Cognitive Science of Religion: A Methodological Introduction to Key Empirical Studies},
pages = {113--122},
publisher = {Bloomsbury Publishing},
title = {{How do religious environments affect our behavior?}},
year = {2019}
}

@book{guala2005methodology,
  title={The methodology of experimental economics},
  author={Guala, Francesco},
  year={2005},
  publisher={Cambridge University Press}
}

@article{pisor2016risk,
  title={Risk buffering and resource access shape valuation of out-group strangers},
  author={Pisor, Anne C and Gurven, Michael},
  journal={Scientific reports},
  volume={6},
  number={1},
  pages={1--10},
  year={2016},
  publisher={Nature Publishing Group}
}

@article{guala2012reciprocity,
  title={{Reciprocity: Weak or strong? What punishment experiments do (and do not) demonstrate}},
  author={Guala, Francesco},
  journal={Behavioral and Brain Sciences},
  volume={35},
  number={1},
  pages={1--15},
  year={2012},
  publisher={Cambridge University Press}
}

@article{schaub2017threat,
  title={Threat and parochialism in intergroup relations: Lab-in-the-field evidence from rural {Georgia}},
  author={Schaub, Max},
  journal={Proceedings of the Royal Society B},
  volume={284},
  number={1865},
  pages={20171560},
  year={2017},
  publisher={The Royal Society}
}

@article{brewer2006evolutionary,
  title={An evolutionary perspective on social identity: Revisiting groups},
  author={Brewer, Marilynn B and Caporael, Linnda R},
  journal={Evolution and Social Psychology},
  volume={143},
  pages={161},
  year={2006}
}

@book{greene2013moral,
  title={Moral tribes: Emotion, reason, and the gap between us and them},
  author={Greene, Joshua David},
  year={2013},
  publisher={Penguin}
}

@book{singer2011expanding,
  title={The expanding circle: Ethics, evolution, and moral progress},
  author={Singer, Peter},
  year={1981},
  publisher={Princeton University Press}
}

@article{hruschka2014impartial,
  title={Impartial institutions, pathogen stress and the expanding social network},
  author={Hruschka, Daniel and Efferson, Charles and Jiang, Ting and Falletta-Cowden, Ashlan and Sigurdsson, Sveinn and McNamara, Rita and Sands, Madeline and Munira, Shirajum and Slingerland, Edward and Henrich, Joseph},
  journal={Human Nature},
  volume={25},
  number={4},
  pages={567--579},
  year={2014},
  publisher={Springer}
}

@article{mintz1950analysis,
  title={An analysis of ritual co-parenthood (compadrazgo)},
  author={Mintz, Sidney W and Wolf, Eric R},
  journal={Southwestern Journal of Anthropology},
  volume={6},
  number={4},
  pages={341--368},
  year={1950},
  publisher={University of New Mexico and the Laboratory of Anthropology}
}

@book{chapais2009primeval,
  title={Primeval kinship: How pair-bonding gave birth to human society},
  author={Chapais, Bernard},
  year={2009},
  publisher={Harvard University Press}
}

@article{trivers1971evolution,
  title={The evolution of reciprocal altruism},
  author={Trivers, Robert L},
  journal={The Quarterly review of biology},
  volume={46},
  number={1},
  pages={35--57},
  year={1971},
  publisher={Stony Brook Foundation, Inc.}
}

@article{ross2016hierarchical,
  title={A hierarchical bayesian analysis of parasite prevalence and sociocultural outcomes: The role of structural racism and sanitation infrastructure},
  author={Ross, Cody T and Winterhalder, Bruce},
  journal={American Journal of Human Biology},
  volume={28},
  number={1},
  pages={74--89},
  year={2016},
  publisher={Wiley Online Library}
}

@article{vardy2019property,
  title={Property damage and exposure to other people in distress differentially predict prosocial behavior after a natural disaster},
  author={Vardy, Tom and Atkinson, Quentin D},
  journal={Psychological Science},
  volume={30},
  number={4},
  pages={563--575},
  year={2019},
  publisher={SAGE Publications Sage CA: Los Angeles, CA}
}

@article{silva2014cooperation,
  title={Cooperation and conflict: Field experiments in {Northern Ireland}},
  author={Silva, Antonio S and Mace, Ruth},
  journal={Proceedings of the Royal Society B},
  volume={281},
  number={1792},
  pages={20141435},
  year={2014},
  publisher={The Royal Society}
}

@article{mau2008cosmopolitan,
  title={Cosmopolitan attitudes through transnational social practices?},
  author={Mau, Steffen and Mewes, Jan and Zimmermann, Ann},
  journal={Global Networks},
  volume={8},
  number={1},
  pages={1--24},
  year={2008},
  publisher={Wiley Online Library}
}

@article{hruschka2013economic,
  title={Economic and evolutionary hypotheses for cross-population variation in parochialism},
  author={Hruschka, Daniel Jacob and Henrich, Joseph},
  journal={Frontiers in Human Neuroscience},
  volume={7},
  pages={559},
  year={2013},
  publisher={Frontiers}
}

@article{choi2007coevolution,
  title={The coevolution of parochial altruism and war},
  author={Choi, Jung-Kyoo and Bowles, Samuel},
  journal={Science},
  volume={318},
  number={5850},
  pages={636--640},
  year={2007},
  publisher={American Association for the Advancement of Science}
}

@book{mcelreath2008mathematical,
  title={Mathematical models of social evolution: A guide for the perplexed},
  author={McElreath, Richard and Boyd, Robert},
  year={2008},
  publisher={University of Chicago Press}
}

@article{winterhalder1986diet,
  title={Diet choice, risk, and food sharing in a stochastic environment},
  author={Winterhalder, Bruce},
  journal={Journal of Anthropological Archaeology},
  volume={5},
  number={4},
  pages={369--392},
  year={1986},
  publisher={Elsevier}
}

@article{yamagishi2016parochial,
  title={Parochial altruism: Does it explain modern human group psychology?},
  author={Yamagishi, Toshio and Mifune, Nobuhiro},
  journal={Current Opinion in Psychology},
  volume={7},
  pages={39--43},
  year={2016},
  publisher={Elsevier}
}



@incollection{bowles2003origins,
  booktitle={Genetic and cultural evolution of cooperation},
  editor={Hammerstein, Peter},
  year={2003},
    title={Origins of human cooperation.},
  author={Bowles, Samuel and Gintis, Herbert},
  pages={429--442},
  publisher={MIT press}
}

@book{yamagishi2011trust,
  title={Trust: The evolutionary game of mind and society},
  author={Yamagishi, Toshio},
  year={2011},
  publisher={Springer}
}

@article{miller2003surveys,
  title={Are surveys on trust trustworthy?},
  author={Miller, Alan S and Mitamura, Tomoko},
  journal={Social Psychology Quarterly},
  pages={62--70},
  year={2003},
  publisher={JSTOR}
}

@article{glaeser2000measuring,
  title={Measuring trust},
  author={Glaeser, Edward L and Laibson, David I and Scheinkman, Jose A and Soutter, Christine L},
  journal={The Quarterly Journal of Economics},
  volume={115},
  number={3},
  pages={811--846},
  year={2000},
  publisher={MIT Press}
}

@article{loewenstein1999experimental,
  title={Experimental economics from the vantage-point of behavioural economics},
  author={Loewenstein, George},
  journal={The Economic Journal},
  volume={109},
  number={453},
  pages={25--34},
  year={1999},
  publisher={Wiley Online Library}
}

@article{nannestad2008have,
  title={What have we learned about generalized trust, if anything?},
  author={Nannestad, Peter},
  journal={Annual Review of Political Science},
  volume={11},
  pages={413--436},
  year={2008},
  publisher={Annual Reviews}
}

@article{bowles2004persistent,
  title={Persistent parochialism: Trust and exclusion in ethnic networks},
  author={Bowles, Samuel and Gintis, Herbert},
  journal={Journal of Economic Behavior \& Organization},
  volume={55},
  number={1},
  pages={1--23},
  year={2004},
  publisher={Elsevier}
}

@article{gluckman1960tribalism,
  title={{Tribalism in modern British central Africa}},
  author={Gluckman, Max},
  journal={Cahiers d'{\'E}tudes Efricaines},
  volume={1},
  number={1},
  pages={55--70},
  year={1960},
  publisher={JSTOR}
}

@article{tajfel1982social,
  title={Social psychology of intergroup relations},
  author={Tajfel, Henri},
  journal={Annual Review of Psychology},
  volume={33},
  number={1},
  pages={1--39},
  year={1982},
  publisher={Annual Reviews 4139 El Camino Way, PO Box 10139, Palo Alto, CA 94303-0139, USA}
}

@book{richerson2008not,
  title={Not by genes alone: How culture transformed human evolution},
  author={Richerson, Peter J and Boyd, Robert},
  year={2008},
  publisher={University of Chicago press}
}

@article{Pisor2020,
author = {Pisor, Anne C. and Gervais, Matthew M. and Purzycki, Ben and Ross, Cody T.},
doi = {10.1098/rsos.192090},
journal = {Royal Society Open Science},
number = {6},
pages = {192090},
title = {Preferences and constraints: The value of economic games for studying human behaviour},
volume = {7},
year = {2020}
}

@article{mcelreath2003shared,
  title={Shared norms and the evolution of ethnic markers},
  author={McElreath, Richard and Boyd, Robert and Richerson, PeterJ},
  journal={Current Anthropology},
  volume={44},
  number={1},
  pages={122--130},
  year={2003},
  publisher={The University of Chicago Press}
}

@article{layton2012antiquity,
  title={Antiquity and social functions of multilevel social organization among human hunter-gatherers},
  author={Layton, Robert and O’Hara, Sean and Bilsborough, Alan},
  journal={International Journal of Primatology},
  volume={33},
  number={5},
  pages={1215--1245},
  year={2012},
  publisher={Springer}
}

@article{edgerton1971individual,
  title={The individual in cultural adaptation: A study of four East African peoples},
  author={Edgerton, Robert B},
  year={1971}
}

@article{foddy2009group,
  title={Group-based trust in strangers: The role of stereotypes and expectations},
  author={Foddy, Margaret and Platow, Michael J and Yamagishi, Toshio},
  journal={Psychological Science},
  volume={20},
  number={4},
  pages={419--422},
  year={2009},
  publisher={SAGE Publications Sage CA: Los Angeles, CA}
}

@article{habyarimana2007does,
  title={Why does ethnic diversity undermine public goods provision?},
  author={Habyarimana, James and Humphreys, Macartan and Posner, Daniel N and Weinstein, Jeremy M},
  journal={American Political Science Review},
  pages={709--725},
  year={2007},
  publisher={JSTOR}
}

@article{pisor2019evolution,
  title={The evolution of intergroup tolerance in nonhuman primates and humans},
  author={Pisor, Anne C and Surbeck, Martin},
  journal={Evolutionary Anthropology},
  volume={28},
  number={4},
  pages={210--223},
  year={2019},
  publisher={Wiley Online Library}
}

@book{barth1998ethnic,
  title={Ethnic groups and boundaries: The social organization of culture difference},
  author={Barth, Fredrik},
  year={1998},
  publisher={Waveland Press}
}

@book{barth1998ethnic,
  title={Ethnic groups and boundaries: The social organization of culture difference},
  author={Barth, Fredrik},
  year={1998},
  publisher={Waveland Press}
}

@book{seabright2004company,
  title={The Company of Strangers: A Natural History of Economic Life},
  author={Seabright, Paul},
  year={2004},
  publisher={Princeton University Press}
}

@article{jenkins1994rethinking,
  title={Rethinking ethnicity: Identity, categorization and power},
  author={Jenkins, Richard},
  journal={Ethnic and Racial Studies},
  volume={17},
  number={2},
  pages={197--223},
  year={1994},
  publisher={Taylor \& Francis}
}

@article{barth1956ecologic,
  title={Ecologic relationships of ethnic groups in {Swat, North Pakistan}},
  author={Barth, Fredrik},
  journal={American Anthropologist},
  volume={58},
  number={6},
  pages={1079--1089},
  year={1956},
  publisher={JSTOR}
}

@article{hill2014hunter,
  title={Hunter-gatherer inter-band interaction rates: Implications for cumulative culture},
  author={Hill, Kim R and Wood, Brian M and Baggio, Jacopo and Hurtado, A Magdalena and Boyd, Robert T},
  journal={PloS one},
  volume={9},
  number={7},
  year={2014},
  publisher={Public Library of Science}
}

@article{fafchamps2007formation,
  title={The formation of risk sharing networks},
  author={Fafchamps, Marcel and Gubert, Flore},
  journal={Journal of development Economics},
  volume={83},
  number={2},
  pages={326--350},
  year={2007},
  publisher={Elsevier}
}

@article{brewer2006evolutionary,
  title={An evolutionary perspective on social identity: Revisiting groups},
  author={Brewer, Marilynn B and Caporael, Linnda R},
  journal={Evolution and Social Psychology},
  volume={143},
  pages={161},
  year={2006}
}

@article{du2011partner,
  title={Partner selection shapes the strategic and topological evolution of cooperation},
  author={Du, Faqi and Fu, Feng},
  journal={Dynamic Games and Applications},
  volume={1},
  number={3},
  pages={354},
  year={2011},
  publisher={Springer}
}

@article{gelman2006prior,
  title={Prior distributions for variance parameters in hierarchical models (comment on article by Browne and Draper)},
  author={Gelman, Andrew and others},
  journal={Bayesian analysis},
  volume={1},
  number={3},
  pages={515--534},
  year={2006},
  publisher={International Society for Bayesian Analysis}
}

@book{mcelreath2016statistical,
  title={Statistical rethinking: A Bayesian course with examples in R and Stan},
  author={McElreath, Richard},
  year={2016},
  publisher={CRC press}
}

@article{kenny1984social,
  title={The social relations model},
  author={Kenny, David A and La Voie, Lawrence},
  journal={Advances in Experimental Social Psychology},
  volume={18},
  pages={142--182},
  year={1984}
}

@article{garcia2009diversos,
  title={Diversos y comunes: Elementos constitutivos del confl\'icto entre comunidades {I}nd{\'\i}genas, campesinas y {Afrocolombianas en el departamento del Cauca}},
  author={Garc{\'\i}a, John Jairo Rinc{\'o}n},
  journal={An{\'a}lisis Pol{\'\i}tico},
  volume={22},
  number={65},
  pages={53--93},
  year={2009}
}

@article{koster2019statistical,
  title={Statistical methods and software for the Multilevel Social Relations Model},
  author={Koster, Jeremy and Leckie, George and Aven, Brandy},
  journal={Field Methods},
  pages={1525822X19889011},
  year={2019},
  publisher={SAGE Publications Sage CA: Los Angeles, CA}
}

@article{koster2014food,
  title={Food sharing networks in lowland {Nicaragua}: {A}n application of the social relations model to count data},
  author={Koster, Jeremy M and Leckie, George},
  journal={Social Networks},
  volume={38},
  pages={100--110},
  year={2014},
  publisher={Elsevier}
}

@article{fletcher2006altruism,
	title={How altruism evolves: {A}ssortment and synergy},
	author={Fletcher, Jeffrey A and Doebeli, Michael},
	journal={Journal of Evolutionary Biology},
	volume={19},
	number={5},
	pages={1389--1393},
	year={2006},
	publisher={Wiley Online Library}
}

@article{charnov1976optimal,
  title={Optimal foraging, the marginal value theorem},
  author={Charnov, Eric L},
  journal={Theoretical population biology},
  volume={9},
  number={2},
  pages={129--136},
  year={1976},
  publisher={Elsevier}
}

@techreport{pisor2018preferences,
  title={Preferences and constraints: The value of economic games for studying human sociality},
  author={Pisor, Anne C and Gervais, Matthew M and Purzycki, Benjamin G and Ross, Cody T},
  year={2018},
  institution={PeerJ Preprints}
}

@article{du2011partner,
  title={Partner selection shapes the strategic and topological evolution of cooperation},
  author={Du, Faqi and Fu, Feng},
  journal={Dynamic Games and Applications},
  volume={1},
  number={3},
  pages={354},
  year={2011},
  publisher={Springer}
}

@article{gelman2006prior,
  title={Prior distributions for variance parameters in hierarchical models (comment on article by Browne and Draper)},
  author={Gelman, Andrew and others},
  journal={Bayesian analysis},
  volume={1},
  number={3},
  pages={515--534},
  year={2006},
  publisher={International Society for Bayesian Analysis}
}

@article{koster2014food,
  title={Food sharing networks in lowland {Nicaragua}: {A}n application of the social relations model to count data},
  author={Koster, Jeremy M and Leckie, George},
  journal={Social Networks},
  volume={38},
  pages={100--110},
  year={2014},
  publisher={Elsevier}
}

@article{fletcher2006altruism,
	title={How altruism evolves: {A}ssortment and synergy},
	author={Fletcher, Jeffrey A and Doebeli, Michael},
	journal={Journal of Evolutionary Biology},
	volume={19},
	number={5},
	pages={1389--1393},
	year={2006},
	publisher={Wiley Online Library}
}

@article{richerson2016cultural,
  title={Cultural group selection plays an essential role in explaining human cooperation: {A} sketch of the evidence},
  author={Richerson, Peter and Baldini, Ryan and Bell, Adrian V and Demps, Kathryn and Frost, Karl and Hillis, Vicken and Mathew, Sarah and Newton, Emily K and Naar, Nicole and Newson, Lesley and others},
  journal={Behavioral and Brain Sciences},
  volume={39},
  year={2016},
  publisher={Cambridge University Press}
}

@article{gurven2006evolution,
  title={The evolution of contingent cooperation},
  author={Gurven, Michael},
  journal={Current Anthropology},
  volume={47},
  number={1},
  pages={185--192},
  year={2006},
  publisher={The University of Chicago Press}
}

@book{OCH2a,
author = {OCHA, },
address = {Bogota},
title = {Desplazamiento masivo en {B}agadó. {I}nforme de situación No. 1},
year = {2012a},
publisher = {United Nations Office for the Coordination of Humanitarian Affairs}
}

@book{OCH2b,
author = {OCHA, },
address = {Bogota},
title = {Desplazamiento Masivo {T}adó ({C}hocó). {N}ota de Situación No. 3},
year = {2012b},
publisher = {United Nations Office for the Coordination of Humanitarian Affairs}
}

@book{rapoport1965prisoner,
  title={Prisoner's dilemma: A study in conflict and cooperation},
  author={Rapoport, Anatol and Chammah, Albert M and Orwant, Carol J},
  volume={165},
  year={1965},
  publisher={University of Michigan press}
}

@article{SMITH2018,
title = "Hunter-Gatherers Maintain Assortativity in Cooperation despite High Levels of Residential Change and Mixing",
journal = "Current Biology",
year = "2018",
issn = "0960-9822",
doi = "https://doi.org/10.1016/j.cub.2018.07.064",
url = "http://www.sciencedirect.com/science/article/pii/S0960982218309941",
author = "Kristopher M. Smith and Tomás Larroucau and Ibrahim A. Mabulla and Coren L. Apicella",
keywords = "evolution of cooperation, homophily, partner choice, social influence, social norms, hunter-gatherers"
}

@article{ross2017,
  title={L\'evy Flights or Adaptive Information-Based Heuristics?
Optimization of Random Search Conditioned on Encounters},
  author={Ross, C.T. and Pachecho-Cobos, L. and Winterhalder, B.},
  journal={In Prep},
  volume={0},
  number={0},
  pages={0},
  year={2017}
}

@article{winterhalder1996social,
  title={Social foraging and the behavioral ecology of intragroup resource transfers},
  author={Winterhalder, Bruce},
  journal={Evolutionary Anthropology},
  volume={5},
  number={2},
  pages={46--57},
  year={1996},
  publisher={Wiley Online Library}
}

@article{gintis2000strong,
  title={Strong reciprocity and human sociality.},
  author={Gintis, H},
  journal={Journal of Theoretical Biology},
  volume={206},
  number={2},
  pages={169},
  year={2000}
}

@article{efferson2013viewing,
  title={Viewing men's faces does not lead to accurate predictions of trustworthiness},
  author={Efferson, Charles and Vogt, Sonja},
  journal={Scientific Reports},
  volume={3},
  pages={1047},
  year={2013},
  publisher={Nature Publishing Group}
}

@article{fetchenhauer2010not,
  title={Not only states but traits---Humans can identify permanent altruistic dispositions in 20 s},
  author={Fetchenhauer, Detlef and Groothuis, Ton and Pradel, Julia},
  journal={Evolution and Human Behavior},
  volume={31},
  number={2},
  pages={80--86},
  year={2010},
  publisher={Elsevier}
}

@article{caudell2015informal,
  title={Informal lending networks in rural {Ethiopia}},
  author={Caudell, Mark and Rotolo, Thomas and Grima, Mulye},
  journal={Social Networks},
  volume={40},
  pages={34--42},
  year={2015},
  publisher={Elsevier}
}

@article{gurven2004reciprocal,
  title={Reciprocal altruism and food sharing decisions among {Hiwi and Ache} hunter--gatherers},
  author={Gurven, Michael},
  journal={Behavioral Ecology and Sociobiology},
  volume={56},
  number={4},
  pages={366--380},
  year={2004},
  publisher={Springer}
}

@article{ziker2016indigenous,
  title={Indigenous {S}iberians solve collective action problems through sharing and traditional knowledge},
  author={Ziker, John P and Rasmussen, Joellie and Nolin, David A},
  journal={Sustainability Science},
  volume={11},
  number={1},
  pages={45--55},
  year={2016},
  publisher={Springer}
}

@article{gurven2001reservation,
  title={Reservation food sharing among the {Ache of Paraguay}},
  author={Gurven, Michael and Allen-Arave, Wesley and Hill, Kim and Hurtado, A Magdalena},
  journal={Human Nature},
  volume={12},
  number={4},
  pages={273--297},
  year={2001},
  publisher={Springer}
}

@article{hao2015need,
  title={Need-based transfers on a network: a model of risk-pooling in ecologically volatile environments},
  author={Hao, Yan and Armbruster, Dieter and Cronk, Lee and Aktipis, C Athena},
  journal={Evolution and Human Behavior},
  volume={36},
  number={4},
  pages={265--273},
  year={2015},
  publisher={Elsevier}
}

@article{aktipis2016cooperation,
  title={Cooperation in an uncertain world: {F}or the {Maasai of East Africa}, need-based transfers outperform account-keeping in volatile environments},
  author={Aktipis, Athena and De Aguiar, Rolando and Flaherty, Anna and Iyer, Padmini and Sonkoi, Dennis and Cronk, Lee},
  journal={Human Ecology},
  volume={44},
  number={3},
  pages={353--364},
  year={2016},
  publisher={Springer}
}

@article{koster2015multilevel,
  title={Multilevel modeling analysis of dyadic network data with an application to {Ye}'kwana food sharing},
  author={Koster, Jeremy and Leckie, George and Miller, Andrew and Hames, Raymond},
  journal={American Journal of Physical Anthropology},
  volume={157},
  number={3},
  pages={507--512},
  year={2015},
  publisher={Wiley Online Library}
}

@article{koster2011interhousehold,
  title={Interhousehold meat sharing among {Mayangna and Miskito} horticulturalists in {Nicaragua}},
  author={Koster, Jeremy},
  journal={Human Nature},
  volume={22},
  number={4},
  pages={394--415},
  year={2011},
  publisher={Springer}
}

@article{koster2014food,
  title={Food sharing networks in lowland Nicaragua: an application of the social relations model to count data},
  author={Koster, Jeremy M and Leckie, George},
  journal={Social Networks},
  volume={38},
  pages={100--110},
  year={2014},
  publisher={Elsevier}
}

@article{thomas2018kinship,
  title={Kinship underlies costly cooperation in {Mosuo} villages},
  author={Thomas, Matthew Gwynfryn and Ji, Ting and Wu, Jiajia and He, QiaoQiao and Tao, Yi and Mace, Ruth},
  journal={Royal Society Open Science},
  volume={5},
  number={2},
  pages={171535},
  year={2018},
  publisher={The Royal Society}
}

@article{hooper2015inclusive,
  title={Inclusive fitness and differential productivity across the life course determine intergenerational transfers in a small-scale human society},
  author={Hooper, Paul L and Gurven, Michael and Winking, Jeffrey and Kaplan, Hillard S},
  journal={Proceedings of the Royal Society B},
  volume={282},
  number={1803},
  pages={20142808},
  year={2015},
  publisher={The Royal Society}
}

@article{ramazi2016evolutionary,
  title={Evolutionary dynamics of homophily and heterophily},
  author={Ramazi, Pouria and Cao, Ming and Weissing, Franz J},
  journal={Scientific Reports},
  volume={6},
  pages={22766},
  year={2016},
  publisher={Nature Publishing Group}
}



@article{jaeggi2016reciprocal,
  title={Reciprocal exchange patterned by market forces helps explain cooperation in a small-scale society},
  author={Jaeggi, Adrian V and Hooper, Paul L and Beheim, Bret A and Kaplan, Hillard and Gurven, Michael},
  journal={Current Biology},
  volume={26},
  number={16},
  pages={2180--2187},
  year={2016},
  publisher={Elsevier}
}

@article{nolin2010food,
  title={Food-sharing networks in {Lamalera, I}ndonesia},
  author={Nolin, David A},
  journal={Human Nature},
  volume={21},
  number={3},
  pages={243--268},
  year={2010},
  publisher={Springer}
}

@article{haselton2006paranoid,
  title={The paranoid optimist: An integrative evolutionary model of cognitive biases},
  author={Haselton, Martie G and Nettle, Daniel},
  journal={Personality and Social Psychology Review},
  volume={10},
  number={1},
  pages={47--66},
  year={2006},
  publisher={Sage Publications Sage CA: Los Angeles, CA}
}

@article{johnson2006hand,
  title={Hand of God, mind of man: Punishment and cognition in the evolution of cooperation},
  author={Johnson, Dominic and Bering, Jesse},
  journal={Evolutionary Psychology},
  volume={4},
  number={1},
  pages={147470490600400119},
  year={2006},
  publisher={SAGE Publications Sage CA: Los Angeles, CA}
}

@article{purzycki2016moralistic,
  title={Moralistic gods, supernatural punishment and the expansion of human sociality},
  author={Purzycki, Benjamin Grant and Apicella, Coren and Atkinson, Quentin D and Cohen, Emma and McNamara, Rita Anne and Willard, Aiyana K and Xygalatas, Dimitris and Norenzayan, Ara and Henrich, Joseph},
  journal={Nature},
  volume={530},
  number={7590},
  pages={327},
  year={2016},
  publisher={Nature Publishing Group}
}

@article{lehmann2006evolution,
	title={The evolution of cooperation and altruism---{A} general framework and a classification of models},
	author={Lehmann, Laurent and Keller, Laurent},
	journal={Journal of {E}volutionary {B}iology},
	volume={19},
	number={5},
	pages={1365--1376},
	year={2006},
	publisher={Wiley Online Library}
}

@article{queller1985kinship,
	title={Kinship, reciprocity and synergism in the evolution of social behaviour},
	author={Queller, David C},
	journal={Nature},
	volume={318},
	number={6044},
	pages={366},
	year={1985},
	publisher={Nature Publishing Group}
}

@article{boyd2003evolution,
  title={The evolution of altruistic punishment},
  author={Boyd, Robert and Gintis, Herbert and Bowles, Samuel and Richerson, Peter J},
  journal={Proceedings of the National Academy of Sciences},
  volume={100},
  number={6},
  pages={3531--3535},
  year={2003},
  publisher={National Acad Sciences}
}

@article{henrich2001people,
  title={Why People Punish Defectors},
  author={Henrich, Joseph and Boyd, Robert},
  journal={Journal of Theoretical Biology},
  volume={208},
  number={1},
  pages={79--89},
  year={2001}
}

@article{boyd1992punishment,
  title={Punishment allows the evolution of cooperation (or anything else) in sizable groups},
  author={Boyd, Robert and Richerson, Peter J},
  journal={Ethology and Sociobiology},
  volume={13},
  number={3},
  pages={171--195},
  year={1992},
  publisher={Elsevier}
}

@article{johnson2018inequality,
  title={Inequality as information: {W}ealth homophily facilitates the evolution of cooperation},
  author={Johnson, Tim and Smirnov, Oleg},
  journal={Scientific reports},
  volume={8},
  number={1},
  pages={11605},
  year={2018},
  publisher={Nature Publishing Group}
}

@article{gardner2010greenbeards,
  title={Greenbeards},
  author={Gardner, Andy and West, Stuart A},
  journal={Evolution: International Journal of Organic Evolution},
  volume={64},
  number={1},
  pages={25--38},
  year={2010},
  publisher={Wiley Online Library}
}

@book{alexander1987biology,
  title={The biology of moral systems},
  author={Alexander, Richard},
  year={1987},
  publisher={Aldine Transaction}
}

@article{nowak2005evolution,
  title={Evolution of indirect reciprocity},
  author={Nowak, Martin A and Sigmund, Karl},
  journal={Nature},
  volume={437},
  number={7063},
  pages={1291},
  year={2005},
  publisher={Nature Publishing Group}
}

@article{nowak1998dynamics,
  title={The dynamics of indirect reciprocity},
  author={Nowak, Martin A and Sigmund, Karl},
  journal={Journal of Theoretical Biology},
  volume={194},
  number={4},
  pages={561--574},
  year={1998},
  publisher={Academic Press}
}

@article{boyd1989evolution,
  title={The evolution of indirect reciprocity},
  author={Boyd, Robert and Richerson, Peter J},
  journal={Social Networks},
  volume={11},
  number={3},
  pages={213--236},
  year={1989},
  publisher={Citeseer}
}

@article{nowak1993strategy,
  title={A strategy of win-stay, lose-shift that outperforms tit-for-tat in the Prisoner's Dilemma game},
  author={Nowak, Martin and Sigmund, Karl},
  journal={Nature},
  volume={364},
  number={6432},
  pages={56},
  year={1993},
  publisher={Nature Publishing Group}
}

@article{trivers1971evolution,
  title={The evolution of reciprocal altruism},
  author={Trivers, Robert L},
  journal={The Quarterly Review of Biology},
  volume={46},
  number={1},
  pages={35--57},
  year={1971},
  publisher={Stony Brook Foundation, Inc.}
}

@article{axelrod1981evolution,
  title={The evolution of cooperation},
  author={Axelrod, Robert and Hamilton, William Donald},
  journal={Science},
  volume={211},
  number={4489},
  pages={1390--1396},
  year={1981},
  publisher={American Association for the Advancement of Science}
}

@article{axelrod2004altruism,
  title={Altruism via kin-selection strategies that rely on arbitrary tags with which they coevolve},
  author={Axelrod, Robert and Hammond, Ross A and Grafen, Alan},
  journal={Evolution},
  volume={58},
  number={8},
  pages={1833--1838},
  year={2004},
  publisher={Wiley Online Library}
}

@article{west2007evolutionary,
  title={Evolutionary explanations for cooperation},
  author={West, Stuart A and Griffin, Ashleigh S and Gardner, Andy},
  journal={Current Biology},
  volume={17},
  number={16},
  pages={R661--R672},
  year={2007},
  publisher={Elsevier}
}

@article{hamilton1964genetical,
  title={The genetical evolution of social behaviour.},
  author={Hamilton, William D},
  journal={Journal of Theoretical Biology},
  volume={7},
  number={1},
  pages={17--52},
  year={1964},
  publisher={Elsevier}
}

@article{gintis2003explaining,
  title={Explaining altruistic behavior in humans},
  author={Gintis, Herbert and Bowles, Samuel and Boyd, Robert and Fehr, Ernst},
  journal={Evolution and Human Behavior},
  volume={24},
  number={3},
  pages={153--172},
  year={2003},
  publisher={Elsevier}
}

@article{henrich2005economic,
  title={“{Economic man}” in cross-cultural perspective: {B}ehavioral experiments in 15 small-scale societies},
  author={Henrich, Joseph and Boyd, Robert and Bowles, Samuel and Camerer, Colin and Fehr, Ernst and Gintis, Herbert and McElreath, Richard and Alvard, Michael and Barr, Abigail and Ensminger, Jean and others},
  journal={Behavioral and {B}rain {S}ciences},
  volume={28},
  number={6},
  pages={795--815},
  year={2005},
  publisher={Cambridge University Press}
}

@book{ensminger2014experimenting,
  title={Experimenting with social norms: Fairness and punishment in cross-cultural perspective},
  author={Ensminger, Jean and Henrich, Joseph},
  year={2014},
  publisher={Russell Sage Foundation}
}

@article{boyd1988evolution,
  title={The evolution of reciprocity in sizable groups},
  author={Boyd, Robert and Richerson, Peter J},
  journal={Journal of Theoretical Biology},
  volume={132},
  number={3},
  pages={337--356},
  year={1988},
  publisher={Elsevier}
}





@article{ready2018why,
author = {Ready, Elspeth and Power, Eleanor A.},
title = {Why Wage Earners Hunt: {Fo}od Sharing, Social Structure, and Influence in an {Arctic} Mixed Economy},
journal = {Current Anthropology},
volume = {59},
number = {1},
pages = {74-97},
year = {2018},
doi = {10.1086/696018}
}




@article{jensen2007chimpanzees,
  title={Chimpanzees are rational maximizers in an ultimatum game},
  author={Jensen, Keith and Call, Josep and Tomasello, Michael},
  journal={Science},
  volume={318},
  number={5847},
  pages={107--109},
  year={2007},
  publisher={American Association for the Advancement of Science}
}

@article{purzycki2016moralistic,
  title={Moralistic gods, supernatural punishment and the expansion of human sociality},
  author={Purzycki, Benjamin Grant and Apicella, Coren and Atkinson, Quentin D and Cohen, Emma and McNamara, Rita Anne and Willard, Aiyana K and Xygalatas, Dimitris and Norenzayan, Ara and Henrich, Joseph},
  journal={Nature},
  volume={530},
  number={7590},
  pages={327},
  year={2016},
  publisher={Nature Publishing Group}
}

@article{henrich2001search,
  title={In search of {H}omo {E}conomicus: {B}ehavioral experiments in 15 small-scale societies},
  author={Henrich, Joseph and Boyd, Robert and Bowles, Samuel and Camerer, Colin and Fehr, Ernst and Gintis, Herbert and McElreath, Richard},
  journal={American Economic Review},
  volume={91},
  number={2},
  pages={73--78},
  year={2001}
}

@article{gervais2017rich,
  title={{RICH} Economic games for networked relationships and communities: {D}evelopment and preliminary validation in {Y}asawa, {F}iji},
  author={Gervais, Matthew M},
  journal={Field Methods},
  volume={29},
  number={2},
  pages={113--129},
  year={2017},
  publisher={SAGE Publications Sage CA: Los Angeles, CA}
}

@book{mcelreath2008mathematical,
  title={Mathematical models of social evolution: A guide for the perplexed},
  author={McElreath, Richard and Boyd, Robert},
  year={2008},
  publisher={University of Chicago Press}
}

@article{price1970selection,
  title={Selection and covariance.},
  author={Price, George R},
  journal={Nature},
  volume={227},
  pages={520--521},
  year={1970},
  publisher={Lond.}
}

@article{frank1995george,
  title={George {P}rice's contributions to evolutionary genetics},
  author={Frank, Steven A},
  journal={Journal of Theoretical Biology},
  volume={175},
  number={3},
  pages={373--388},
  year={1995},
  publisher={Elsevier}
}

@article{ross2020assortment,
  title={Network-structured economic games demonstrate positive assortment of cooperators in two populations of Afrocolombians},
  author={Ross, Cody T. and  Deffner, Dominik and  Joyas Campino, Patricia and  Hurtado Manyoma, Arlenis and Fernandes de Souza, Gabriela and  McElreath, Richard},
  journal={Working Paper},
  volume={},
  number={},
  pages={},
  year={2020}
}

@article{rucas2010social,
  title={The social strategy game},
  author={Rucas, Stacey L and Gurven, Michael and Kaplan, Hillard and Winking, Jeffrey},
  journal={Human Nature},
  volume={21},
  number={1},
  pages={1--18},
  year={2010},
  publisher={Springer}
}

@article{wilson2009human,
  title={Human prosociality from an evolutionary perspective: {Variation} and correlations at a city-wide scale},
  author={Wilson, David Sloan and O'Brien, Daniel Tumminelli and Sesma, Artura},
  journal={Evolution and {H}uman {B}ehavior},
  volume={30},
  number={3},
  pages={190--200},
  year={2009},
  publisher={Elsevier}
}

@article{kim2015using,
  title={Using social network methods to test for assortment of prosociality among {Korean }high school students},
  author={Kim, Jun-Hong and Holman, Darryl J and Goodreau, Steven M},
  journal={PLOS One},
  volume={10},
  number={4},
  pages={e0125333},
  year={2015},
  publisher={Public Library of Science}
}

@article{ross2015sit,
  title={Sit-and-wait versus active-search hunting: A behavioral ecological model of optimal search mode},
  author={Ross, Cody T and Winterhalder, Bruce},
  journal={Journal of theoretical biology},
  volume={387},
  pages={76--87},
  year={2015},
  publisher={Elsevier}
}

@article{mandelbrot1960pareto,
  title={The Pareto-Levy law and the distribution of income},
  author={Mandelbrot, Benoit},
  journal={International Economic Review},
  volume={1},
  number={2},
  pages={79--106},
  year={1960},
  publisher={JSTOR}
}

@article{levy1928calcul,
  title={Calcul des probabilit{\'e}s},
  author={L{\'e}vy, Paul},
  year={1928},
  publisher={Gauthier-Villars}
}

@incollection{borak2005stable,
  title={Stable distributions},
  author={Borak, Szymon and H{\"a}rdle, Wolfgang and Weron, Rafa{\l}},
  booktitle={Statistical tools for finance and insurance},
  pages={21--44},
  year={2005},
  publisher={Springer}
}

@article{charnov1976ecological,
  title={Ecological implications of resource depression},
  author={Charnov, Eric L and Orians, Gordon H and Hyatt, Kim},
  journal={The American Naturalist},
  volume={110},
  number={972},
  pages={247--259},
  year={1976},
  publisher={University of Chicago Press}
}

  @Manual{R2017,
    title = {R: A Language and Environment for Statistical Computing},
    author = {{R Core Team}},
    organization = {R Foundation for Statistical Computing},
    address = {Vienna, Austria},
    year = {2016},
    url = {https://www.R-project.org/},
  }

@article{raichlen2014evidence,
  title={Evidence of L{\'e}vy walk foraging patterns in human hunter--gatherers},
  author={Raichlen, David A and Wood, Brian M and Gordon, Adam D and Mabulla, Audax ZP and Marlowe, Frank W and Pontzer, Herman},
  journal={Proceedings of the National Academy of Sciences},
  volume={111},
  number={2},
  pages={728--733},
  year={2014},
  publisher={National Acad Sciences}
}

@article{miramontes2012non,
  title={Non-L{\'e}vy mobility patterns of Mexican Me’Phaa peasants searching for fuel wood},
  author={Miramontes, Octavio and DeSouza, Og and Hern{\'a}ndez, Diego and Ceccon, Eliane},
  journal={Human ecology},
  volume={40},
  number={2},
  pages={167--174},
  year={2012},
  publisher={Springer}
}

@article{pearce2011walking,
  title={Walking the line: search behavior and foraging success in ant species},
  author={Pearce-Duvet, Jessica MC and Elemans, Coen PH and Feener, Donald H},
  journal={Behavioral Ecology},
  pages={arr001},
  year={2011},
  publisher={ISBE}
}

@article{ferrari2004beta,
  title={Beta regression for modelling rates and proportions},
  author={Ferrari, Silvia and Cribari-Neto, Francisco},
  journal={Journal of Applied Statistics},
  volume={31},
  number={7},
  pages={799--815},
  year={2004},
  publisher={Taylor \& Francis}
}

@article{sims2008scaling,
  title={Scaling laws of marine predator search behaviour},
  author={Sims, David W and Southall, Emily J and Humphries, Nicolas E and Hays, Graeme C and Bradshaw, Corey JA and Pitchford, Jonathan W and James, Alex and Ahmed, Mohammed Z and Brierley, Andrew S and Hindell, Mark A and others},
  journal={Nature},
  volume={451},
  number={7182},
  pages={1098--1102},
  year={2008},
  publisher={Nature Publishing Group}
}

@article{humphries2010environmental,
  title={Environmental context explains L{\'e}vy and Brownian movement patterns of marine predators},
  author={Humphries, Nicolas E and Queiroz, Nuno and Dyer, Jennifer RM and Pade, Nicolas G and Musyl, Michael K and Schaefer, Kurt M and Fuller, Daniel W and Brunnschweiler, Juerg M and Doyle, Thomas K and Houghton, Jonathan DR and others},
  journal={Nature},
  volume={465},
  number={7301},
  pages={1066--1069},
  year={2010},
  publisher={Nature Research}
}

@book{zuluaga1988historia,
  title={Historia de la comunidad ind{\'\i}gena cham{\'\i}},
  author={Zuluaga G{\'o}mez, V{\'\i}ctor and others},
  year={1988}
}

@article{maarell2002foraging,
  title={Foraging and movement paths of female reindeer: insights from fractal analysis, correlated random walks, and L{\'e}vy flights},
  author={M{\aa}rell, Anders and Ball, John P and Hofgaard, Annika},
  journal={Canadian Journal of Zoology},
  volume={80},
  number={5},
  pages={854--865},
  year={2002},
  publisher={NRC Research Press}
}

@article{stephens1981logic,
  title={The logic of risk-sensitive foraging preferences},
  author={Stephens, David W},
  journal={Animal Behaviour},
  volume={29},
  number={2},
  pages={628--629},
  year={1981},
  publisher={Academic Press}
}

@article{stephens1982optimal,
  title={Optimal foraging: some simple stochastic models},
  author={Stephens, David W and Charnov, Eric L},
  journal={Behavioral Ecology and Sociobiology},
  volume={10},
  number={4},
  pages={251--263},
  year={1982},
  publisher={Springer}
}

@article{bartumeus2002optimizing,
  title={Optimizing the encounter rate in biological interactions: L{\'e}vy versus Brownian strategies},
  author={Bartumeus, Frederic and Catalan, Jordi and Fulco, UL and Lyra, ML and Viswanathan, GM},
  journal={Physical Review Letters},
  volume={88},
  number={9},
  pages={097901},
  year={2002},
  publisher={APS}
}

@article{edwards2007revisiting,
  title={Revisiting L{\'e}vy flight search patterns of wandering albatrosses, bumblebees and deer},
  author={Edwards, Andrew M and Phillips, Richard A and Watkins, Nicholas W and Freeman, Mervyn P and Murphy, Eugene J and Afanasyev, Vsevolod and Buldyrev, Sergey V and da Luz, Marcos GE and Raposo, Ernesto P and Stanley, H Eugene and others},
  journal={Nature},
  volume={449},
  number={7165},
  pages={1044--1048},
  year={2007},
  publisher={Nature Publishing Group}
}

@article{oaten1977optimal,
  title={Optimal foraging in patches: a case for stochasticity},
  author={Oaten, Allan},
  journal={Theoretical population biology},
  volume={12},
  number={3},
  pages={263--285},
  year={1977},
  publisher={Elsevier}
}

@article{krebs1974hunting,
  title={Hunting by expectation or optimal foraging? A study of patch use by chickadees},
  author={Krebs, John R and Ryan, John C and Charnov, Eric L},
  journal={Animal Behaviour},
  volume={22},
  pages={953--IN3},
  year={1974},
  publisher={Elsevier}
}

@article{wildhaber1994bluegills,
  title={Bluegills continuously update patch giving-up times based on foraging experience},
  author={Wildhaber, Mark L and Green, Richard F and Crowder, Larry B},
  journal={Animal behaviour},
  volume={47},
  number={3},
  pages={501--513},
  year={1994},
  publisher={Elsevier}
}

@book{abrahamsen1997review,
  title={A review of Gaussian random fields and correlation functions},
  author={Abrahamsen, Petter},
  year={1997},
  publisher={Norsk Regnesentral/Norwegian Computing Center}
}

@article{weisstein2002polar,
  title={Polar coordinates},
  author={Weisstein, Eric W},
  year={2002},
  url={http://mathworld.wolfram.com/PolarCoordinates.html},
  publisher={Wolfram Research, Inc.}
}

@article{kitowski2009social,
  title={Social learning of hunting skills in juvenile marsh harriers Circus aeruginosus},
  author={Kitowski, Ignacy},
  journal={Journal of ethology},
  volume={27},
  number={3},
  pages={327--332},
  year={2009},
  publisher={Springer}
}

@article{leadbeater2007social,
  title={Social learning in insects—from miniature brains to consensus building},
  author={Leadbeater, Ellouise and Chittka, Lars},
  journal={Current biology},
  volume={17},
  number={16},
  pages={R703--R713},
  year={2007},
  publisher={Elsevier}
}

@article{humphries2014optimal,
  title={Optimal foraging strategies: L{\'e}vy walks balance searching and patch exploitation under a very broad range of conditions},
  author={Humphries, Nicolas E and Sims, David W},
  journal={Journal of theoretical biology},
  volume={358},
  pages={179--193},
  year={2014},
  publisher={Elsevier}
}

@article{eaton1970predatory,
  title={The predatory sequence, with emphasis on killing behavior and its ontogeny, in the cheetah (Acinonyx jubatus Schreber)},
  author={Eaton, Randall L},
  journal={Ethology},
  volume={27},
  number={4},
  pages={492--504},
  year={1970},
  publisher={Wiley Online Library}
}

@article{gumbert2000color,
  title={Color choices by bumble bees (Bombus terrestris): innate preferences and generalization after learning},
  author={Gumbert, Andreas},
  journal={Behavioral Ecology and Sociobiology},
  volume={48},
  number={1},
  pages={36--43},
  year={2000},
  publisher={Springer}
}

@article{riffell2008behavioral,
  title={Behavioral consequences of innate preferences and olfactory learning in hawkmoth--flower interactions},
  author={Riffell, Jeffrey A and Alarc{\'o}n, Ruben and Abrell, Leif and Davidowitz, Goggy and Bronstein, Judith L and Hildebrand, John G},
  journal={Proceedings of the National Academy of Sciences},
  volume={105},
  number={9},
  pages={3404--3409},
  year={2008},
  publisher={National Acad Sciences}
}

@article{hewlett2011social,
  title={Social learning among Congo Basin hunter--gatherers},
  author={Hewlett, Barry S and Fouts, Hillary N and Boyette, Adam H and Hewlett, Bonnie L},
  journal={Philosophical Transactions of the Royal Society of London B: Biological Sciences},
  volume={366},
  number={1567},
  pages={1168--1178},
  year={2011},
  publisher={The Royal Society}
}

@article{benhamou2015ultimate,
  title={Ultimate failure of the L{\'e}vy Foraging Hypothesis: Two-scale searching strategies outperform scale-free ones even when prey are scarce and cryptic},
  author={Benhamou, Simon and Collet, Julien},
  journal={Journal of theoretical biology},
  volume={387},
  pages={221--227},
  year={2015},
  publisher={Elsevier}
}

@article{barrett2017payoff,
  title={Payoff-biased social learning underlies the diffusion of novel extractive foraging traditions in a wild primate},
  author={Barrett, Brendan J and McElreath, Richard and Perry, Susan},
  journal={bioRxiv},
  pages={110221},
  year={2017},
  publisher={Cold Spring Harbor Labs Journals}
}

@article{plank2009sampling,
  title={Sampling rate and misidentification of L{\'e}vy and non-L{\'e}vy movement paths},
  author={Plank, Michael J and Codling, Edward A},
  journal={Ecology},
  volume={90},
  number={12},
  pages={3546--3553},
  year={2009},
  publisher={Wiley Online Library}
}

@article{jackson1993spider,
  title={Spider flexibly chooses aggressive mimicry signals for different prey by trial and error},
  author={Jackson, Robert R and Wilcox, R Stimson},
  journal={Behaviour},
  volume={127},
  number={1},
  pages={21--36},
  year={1993},
  publisher={Brill}
}

@article{camerer2018evaluating,
  title={Evaluating the replicability of social science experiments in {N}ature and {S}cience between 2010 and 2015},
  author={Camerer, Colin F and Dreber, Anna and Holzmeister, Felix and Ho, Teck-Hua and Huber, J{\"u}rgen and Johannesson, Magnus and Kirchler, Michael and Nave, Gideon and Nosek, Brian A and Pfeiffer, Thomas and others},
  journal={Nature Human Behaviour},
  volume={2},
  number={9},
  pages={637},
  year={2018},
  publisher={Nature Publishing Group}
}

@article{camerer2016evaluating,
  title={Evaluating replicability of laboratory experiments in economics},
  author={Camerer, Colin F and Dreber, Anna and Forsell, Eskil and Ho, Teck-Hua and Huber, J{\"u}rgen and Johannesson, Magnus and Kirchler, Michael and Almenberg, Johan and Altmejd, Adam and Chan, Taizan and others},
  journal={Science},
  volume={351},
  number={6280},
  pages={1433--1436},
  year={2016},
  publisher={American Association for the Advancement of Science}
}


@article{viswanathan2008levy,
  title={L{\'e}vy flights and superdiffusion in the context of biological encounters and random searches},
  author={Viswanathan, GM and Raposo, EP and Da Luz, MGE},
  journal={Physics of Life Reviews},
  volume={5},
  number={3},
  pages={133--150},
  year={2008},
  publisher={Elsevier}
}

@article{viswanathan1999optimizing,
  title={Optimizing the success of random searches},
  author={Viswanathan, Gandimohan M and Buldyrev, Sergey V and Havlin, Shlomo and Da Luz, MGE and Raposo, EP and Stanley, H Eugene},
  journal={Nature},
  volume={401},
  number={6756},
  pages={911--914},
  year={1999},
  publisher={Nature Publishing Group}
}

@book{ravuvu1987fijian,
  title={The Fijian Ethos},
  author={Ravuvu, Asesela D},
  year={1987},
  publisher={~}
}

@book{brison2007our,
  title={Our wealth is loving each other: Self and society in Fiji},
  author={Brison, Karen J},
  year={2007},
  publisher={Lexington Books}
}

@phdthesis{gervais2013structures,
  title={Structures of sentiment: Mapping the affective bases of social relationships in Yasawa, Fiji},
  author={Gervais, Matthew M},
  year={2013},
  school={UCLA}
}

@article{chapais2014complex,
  title={Complex kinship patterns as evolutionary constructions, and the origins of sociocultural universals},
  author={Chapais, Bernard and Allen, Nicholas J and Alvard, Michael and Apostolou, Menelaos and Barnard, Alan and Dunbar, RIM and Ellsworth, Ryan M and Walker, Robert S and Hames, Raymond and Read, Dwight W and others},
  journal={Current Anthropology},
  volume={55},
  number={6},
  pages={000--000},
  year={2014},
  publisher={University of Chicago Press Chicago, IL}
}

  @Misc{Rstan2017xx,
    title = {{RStan}: {T}he {R} interface to {Stan}},
    author = {{Stan Development Team}},
    note = {R package version 2.19.2},
    year = {2019},
    url = {http://mc-stan.org/},
  }

@article{rhee2011levy,
  title={On the levy-walk nature of human mobility},
  author={Rhee, Injong and Shin, Minsu and Hong, Seongik and Lee, Kyunghan and Kim, Seong Joon and Chong, Song},
  journal={IEEE/ACM transactions on networking (TON)},
  volume={19},
  number={3},
  pages={630--643},
  year={2011},
  publisher={IEEE Press}
}

@article{kramer2010cooperative,
  title={Cooperative breeding and its significance to the demographic success of humans},
  author={Kramer, Karen L},
  journal={Annual Review of Anthropology},
  volume={39},
  pages={417--436},
  year={2010},
  publisher={Annual Reviews}
}

@incollection{hawkes2017grandmother,
  title={The grandmother hypothesis and human evolution},
  author={Hawkes, Kristen and O’Connell, James F and Jones, Nicholas G Blurton and Alvarez, Helen and Charnov, Eric L},
  booktitle={Adaptation and human behavior},
  pages={237--258},
  year={2017},
  publisher={Routledge}
}

@inbook{hooper2017,
author = {Hooper, Paul and Jaeggi, Adrian and Caldwell, Ann and Kaplan, Hillard and Lancaster, Jane and Gurven, Michael},
year = {2017},
pages = {548--571},
title = {Cooperation between the Sexes},
booktitle = {Chimpanzees and Human Evolution},
doi = {10.4159/9780674982642-015}
}

@article{kaplan2009evolutionary,
  title={The evolutionary and ecological roots of human social organization},
  author={Kaplan, Hillard S and Hooper, Paul L and Gurven, Michael},
  journal={Philosophical Transactions of the Royal Society B: Biological Sciences},
  volume={364},
  number={1533},
  pages={3289--3299},
  year={2009},
  publisher={The Royal Society}
}

@article{richerson2016cultural,
  title={Cultural group selection plays an essential role in explaining human cooperation: {A} sketch of the evidence},
  author={Richerson, Peter and Baldini, Ryan and Bell, Adrian V and Demps, Kathryn and Frost, Karl and Hillis, Vicken and Mathew, Sarah and Newton, Emily K and Naar, Nicole and Newson, Lesley and others},
  journal={Behavioral and Brain Sciences},
  volume={39},
  year={2016},
  publisher={Cambridge University Press}
}

@article{gurven2006evolution,
  title={The evolution of contingent cooperation},
  author={Gurven, Michael},
  journal={Current Anthropology},
  volume={47},
  number={1},
  pages={185--192},
  year={2006},
  publisher={The University of Chicago Press}
}

@book{OCH2a,
author = {OCHA, },
address = {Bogota},
title = {Desplazamiento masivo en {B}agadó. {I}nforme de situación No. 1},
year = {2012a},
publisher = {United Nations Office for the Coordination of Humanitarian Affairs}
}

@book{OCH2b,
author = {OCHA, },
address = {Bogota},
title = {Desplazamiento Masivo {T}adó ({C}hocó). {N}ota de Situación No. 3},
year = {2012b},
publisher = {United Nations Office for the Coordination of Humanitarian Affairs}
}

@book{rapoport1965prisoner,
  title={Prisoner's dilemma: A study in conflict and cooperation},
  author={Rapoport, Anatol and Chammah, Albert M and Orwant, Carol J},
  volume={165},
  year={1965},
  publisher={University of Michigan press}
}

@article{henrich2014fairness,
  title={Fairness without punishment: behavioral experiments in the Yasawa Island, Fiji},
  author={Henrich, Joseph and Henrich, Natalie},
  journal={Experimenting with social norms: Fairness and punishment in cross-cultural perspective},
  pages={171--218},
  year={2014},
  publisher={Russell Sage Foundation}
}

@article{gervais2017deep,
  title={On the deep structure of social affect: Attitudes, emotions, sentiments, and the case of ``contempt''},
  author={Gervais, Matthew M and Fessler, Daniel MT},
  journal={Behavioral and Brain Sciences},
  volume={40},
  year={2017},
  publisher={Cambridge University Press}
}

@article{apicella2012social,
  title={Social networks and cooperation in hunter-gatherers},
  author={Apicella, Coren L and Marlowe, Frank W and Fowler, James H and Christakis, Nicholas A},
  journal={Nature},
  volume={481},
  number={7382},
  pages={497--501},
  year={2012},
  publisher={Nature Publishing Group}
}

@article{SMITH2018,
title = "Hunter-Gatherers Maintain Assortativity in Cooperation despite High Levels of Residential Change and Mixing",
journal = "Current Biology",
year = "2018",
issn = "0960-9822",
doi = "https://doi.org/10.1016/j.cub.2018.07.064",
url = "http://www.sciencedirect.com/science/article/pii/S0960982218309941",
author = "Kristopher M. Smith and Tomás Larroucau and Ibrahim A. Mabulla and Coren L. Apicella",
keywords = "evolution of cooperation, homophily, partner choice, social influence, social norms, hunter-gatherers"
}

@article{ross2017,
  title={L\'evy Flights or Adaptive Information-Based Heuristics?
Optimization of Random Search Conditioned on Encounters},
  author={Ross, C.T. and Pachecho-Cobos, L. and Winterhalder, B.},
  journal={In Prep},
  volume={0},
  number={0},
  pages={0},
  year={2017}
}

@article{winterhalder1996social,
  title={Social foraging and the behavioral ecology of intragroup resource transfers},
  author={Winterhalder, Bruce},
  journal={Evolutionary Anthropology},
  volume={5},
  number={2},
  pages={46--57},
  year={1996},
  publisher={Wiley Online Library}
}

@article{gintis2000strong,
  title={Strong reciprocity and human sociality.},
  author={Gintis, H},
  journal={Journal of Theoretical Biology},
  volume={206},
  number={2},
  pages={169},
  year={2000}
}

@article{efferson2013viewing,
  title={Viewing men's faces does not lead to accurate predictions of trustworthiness},
  author={Efferson, Charles and Vogt, Sonja},
  journal={Scientific Reports},
  volume={3},
  pages={1047},
  year={2013},
  publisher={Nature Publishing Group}
}

@article{fetchenhauer2010not,
  title={Not only states but traits---Humans can identify permanent altruistic dispositions in 20 s},
  author={Fetchenhauer, Detlef and Groothuis, Ton and Pradel, Julia},
  journal={Evolution and Human Behavior},
  volume={31},
  number={2},
  pages={80--86},
  year={2010},
  publisher={Elsevier}
}

@article{caudell2015informal,
  title={Informal lending networks in rural {Ethiopia}},
  author={Caudell, Mark and Rotolo, Thomas and Grima, Mulye},
  journal={Social Networks},
  volume={40},
  pages={34--42},
  year={2015},
  publisher={Elsevier}
}

@article{gurven2004reciprocal,
  title={Reciprocal altruism and food sharing decisions among {Hiwi and Ache} hunter--gatherers},
  author={Gurven, Michael},
  journal={Behavioral Ecology and Sociobiology},
  volume={56},
  number={4},
  pages={366--380},
  year={2004},
  publisher={Springer}
}

@article{bunce2017interethnic,
  title={Interethnic interaction, strategic bargaining power, and the dynamics of cultural norms},
  author={Bunce, John Andrew and McElreath, Richard},
  journal={Human Nature},
  volume={28},
  number={4},
  pages={434--456},
  year={2017},
  publisher={Springer}
}

@article{richerson1998evolution,
  title={The evolution of human ultra-sociality},
  author={Richerson, Peter J and Boyd, Robert},
  journal={Indoctrinability, ideology, and warfare: Evolutionary perspectives},
  pages={71--95},
  year={1998}
}

@article{purzycki2016moralistic,
  title={Moralistic gods, supernatural punishment and the expansion of human sociality},
  author={Purzycki, Benjamin Grant and Apicella, Coren and Atkinson, Quentin D and Cohen, Emma and McNamara, Rita Anne and Willard, Aiyana K and Xygalatas, Dimitris and Norenzayan, Ara and Henrich, Joseph},
  journal={Nature},
  volume={530},
  number={7590},
  pages={327--330},
  year={2016},
  publisher={Nature Publishing Group}
}

@article{de2002respect,
  title={Respect and cooperation in social dilemmas: The importance of feeling included},
  author={De Cremer, David},
  journal={Personality and Social Psychology Bulletin},
  volume={28},
  number={10},
  pages={1335--1341},
  year={2002},
  publisher={Sage Publications Sage CA: Thousand Oaks, CA}
}


@article{Pisor2020,
author = {Pisor, Anne C. and Gervais, Matthew M. and Purzycki, Ben and Ross, Cody T.},
doi = {10.1098/rsos.192090},
journal = {Royal Society Open Science},
number = {6},
pages = {192090},
title = {Preferences and constraints: The value of economic games for studying human behaviour},
volume = {7},
year = {2020}
}

@article{de2003noneconomic,
  title={Noneconomic motives predicting cooperation in public good dilemmas: The effect of received respect on contributions},
  author={De Cremer, David},
  journal={Social Justice Research},
  volume={16},
  number={4},
  pages={367--377},
  year={2003},
  publisher={Springer}
}

@article{rumble2010benefits,
  title={The benefits of empathy: When empathy may sustain cooperation in social dilemmas},
  author={Rumble, Ann C and Van Lange, Paul AM and Parks, Craig D},
  journal={European Journal of Social Psychology},
  volume={40},
  number={5},
  pages={856--866},
  year={2010},
  publisher={Wiley Online Library}
}

@article{batson1999empathy,
  title={Empathy-induced altruism in a prisoner's dilemma},
  author={Batson, C Daniel and Moran, Tecia},
  journal={European Journal of Social Psychology},
  volume={29},
  number={7},
  pages={909--924},
  year={1999},
  publisher={Wiley Online Library}
}

@article{von2019dynamics,
  title={The dynamics of men's cooperation and social status in a small-scale society},
  author={von Rueden, Christopher R and Redhead, Daniel and O'Gorman, Rick and Kaplan, Hillard and Gurven, Michael},
  journal={Proceedings of the Royal Society B},
  volume={286},
  number={1908},
  pages={20191367},
  year={2019},
  publisher={The Royal Society}
}

@article{von2016men,
  title={Men’s status and reproductive success in 33 nonindustrial societies: Effects of subsistence, marriage system, and reproductive strategy},
  author={Von Rueden, Christopher R and Jaeggi, Adrian V},
  journal={Proceedings of the National Academy of Sciences},
  volume={113},
  number={39},
  pages={10824--10829},
  year={2016},
  publisher={National Acad Sciences}
}

@article{kasper2015helps,
  title={Who helps and why},
  author={Kasper, Claudia and Borgerhoff Mulder, M},
  journal={Curr. Anthropol},
  volume={56},
  number={5},
  pages={701--732},
  year={2015}
}

@article{mulder2009intergenerational,
  title={Intergenerational wealth transmission and the dynamics of inequality in small-scale societies},
  author={Mulder, Monique Borgerhoff and Bowles, Samuel and Hertz, Tom and Bell, Adrian and Beise, Jan and Clark, Greg and Fazzio, Ila and Gurven, Michael and Hill, Kim and Hooper, Paul L and others},
  journal={science},
  volume={326},
  number={5953},
  pages={682--688},
  year={2009},
  publisher={American Association for the Advancement of Science}
}

@article{fry2018evolutionary,
  title={The evolutionary logic of human peaceful behavior},
  author={Fry, Douglas P},
  journal={Peace Ethology: Behavioral Processes and Systems of Peace},
  pages={249--265},
  year={2018},
  publisher={Wiley Online Library}
}

@article{brewer1976ethnocentrism,
  title={Ethnocentrism and intergroup attitudes: {East African evidence}},
  author={Brewer, Marilynn B and Campbell, Donald T},
  year={1976},
  publisher={Sage}
}

@article{buchan2009globalization,
  title={Globalization and human cooperation},
  author={Buchan, Nancy R and Grimalda, Gianluca and Wilson, Rick and Brewer, Marilynn and Fatas, Enrique and Foddy, Margaret},
  journal={Proceedings of the National Academy of Sciences},
  volume={106},
  number={11},
  pages={4138--4142},
  year={2009},
  publisher={National Acad Sciences}
}

@article{fukuyama2001social,
  title={Social capital, civil society and development},
  author={Fukuyama, Francis},
  journal={Third World Quarterly},
  volume={22},
  number={1},
  pages={7--20},
  year={2001},
  publisher={Taylor \& Francis}
}

@book{beck2006cosmopolitan,
  title={Cosmopolitan vision},
  author={Beck, Ulrich},
  year={2006},
  publisher={Polity}
}

@article{purzycki2020institutions,
  title={Institutions, natural selection (s), and religion},
  author={Purzycki, Benjamin Grant},
  journal={Religion, Brain \& Behavior},
  volume={10},
  number={1},
  pages={77--84},
  year={2020},
  publisher={Taylor \& Francis}
}

@article{fearon1996explaining,
  title={Explaining interethnic cooperation},
  author={Fearon, James D and Laitin, David D},
  journal={American Political Science Review},
  volume={90},
  number={4},
  pages={715--735},
  year={1996},
  publisher={Cambridge University Press}
}

@article{swann2012group,
  title={When group membership gets personal: A theory of identity fusion.},
  author={Swann Jr, William B and Jetten, Jolanda and G{\'o}mez, {\'A}ngel and Whitehouse, Harvey and Bastian, Brock},
  journal={Psychological Review},
  volume={119},
  number={3},
  pages={441},
  year={2012},
  publisher={American Psychological Association}
}

@article{purzycki2019identity,
  title={Identity fusion, outgroup relations, and sacrifice: A cross-cultural test},
  author={Purzycki, Benjamin Grant and Lang, Martin},
  journal={Cognition},
  volume={186},
  pages={1--6},
  year={2019},
  publisher={Elsevier}
}

@article{wrangham2012intergroup,
  title={Intergroup aggression in chimpanzees and war in nomadic hunter-gatherers},
  author={Wrangham, Richard W and Glowacki, Luke},
  journal={Human Nature},
  volume={23},
  number={1},
  pages={5--29},
  year={2012},
  publisher={Springer}
}

@article{glowacki2017evolutionary,
  title={The evolutionary anthropology of war},
  author={Glowacki, Luke and Wilson, Michael L and Wrangham, Richard W},
  journal={Journal of Economic Behavior \& Organization},
  year={2017},
  volume = {178},
pages = {963--982},
  publisher={Elsevier}
}

@book{fehr2003strong,
  title={Is strong reciprocity a maladaptation? {On} the evolutionary foundations of human altruism},
  author={Fehr, Ernst and Henrich, Joe},
  year={2003},
  publisher={CESifo Working Paper}
}

@article{fehr2002strong,
  title={Strong reciprocity, human cooperation, and the enforcement of social norms},
  author={Fehr, Ernst and Fischbacher, Urs and G{\"a}chter, Simon},
  journal={Human Nature},
  volume={13},
  number={1},
  pages={1--25},
  year={2002},
  publisher={Springer}
}

@article{gintis2008strong,
  title={Strong reciprocity and the roots of human morality},
  author={Gintis, Herbert and Henrich, Joseph and Bowles, Samuel and Boyd, Robert and Fehr, Ernst},
  journal={Social Justice Research},
  volume={21},
  number={2},
  pages={241--253},
  year={2008},
  publisher={Springer}
}

@article{bowles2000reciprocity,
  title={Reciprocity, self-interest, and the welfare state},
  author={Bowles, Samuel and Gintis, Herbert and others},
  journal={Nordic Journal of Political Economy},
  volume={26},
  number={1},
  pages={33--53},
  year={2000},
  publisher={Citeseer}
}

@article{odling2005niche,
  title={Niche Construction: The Neglected Process in Evolution},
  author={Odling-Smee, F John and Laland, Kevin N and Feldman, Marcus W},
  year={2005},
  publisher={Princeton University Press}
}

@article{ross2014new,
  title={New frontiers in the study of human cultural and genetic evolution},
  author={Ross, Cody T and Richerson, Peter J},
  journal={Current opinion in genetics \& development},
  volume={29},
  pages={103--109},
  year={2014},
  publisher={Elsevier}
}

@article{wilson2015human,
  title={Human ultrasociality and the invisible hand: foundational developments in evolutionary science alter a foundational concept in economics},
  author={Wilson, David Sloan and Gowdy, John M},
  journal={Journal of Bioeconomics},
  volume={17},
  number={1},
  pages={37--52},
  year={2015},
  publisher={Springer}
}

@article{chudek2011culture,
  title={Culture--gene coevolution, norm-psychology and the emergence of human prosociality},
  author={Chudek, Maciej and Henrich, Joseph},
  journal={Trends in cognitive sciences},
  volume={15},
  number={5},
  pages={218--226},
  year={2011},
  publisher={Elsevier}
}

@article{mesoudi2018cumulative,
  title={What is cumulative cultural evolution?},
  author={Mesoudi, Alex and Thornton, Alex},
  journal={Proceedings of the Royal Society B: Biological Sciences},
  volume={285},
  number={1880},
  pages={20180712},
  year={2018},
  publisher={The Royal Society}
}

@article{hill2014hunter,
  title={Hunter-gatherer inter-band interaction rates: Implications for cumulative culture},
  author={Hill, Kim R and Wood, Brian M and Baggio, Jacopo and Hurtado, A Magdalena and Boyd, Robert T},
  journal={PloS one},
  volume={9},
  number={7},
  year={2014},
  publisher={Public Library of Science}
}

@article{wiessner1982risk,
  title={Risk, reciprocity and social influences on Kung! San economics.},
  author={Wiessner, Pauline},
  journal={Politics and History in Band Societies },
  pages={61--84},
  year={1982}
}

@article{hill2011co,
  title={Co-residence patterns in hunter-gatherer societies show unique human social structure},
  author={Hill, Kim R and Walker, Robert S and Bo{\v{z}}i{\v{c}}evi{\'c}, Miran and Eder, James and Headland, Thomas and Hewlett, Barry and Hurtado, A Magdalena and Marlowe, Frank and Wiessner, Polly and Wood, Brian},
  journal={science},
  volume={331},
  number={6022},
  pages={1286--1289},
  year={2011},
  publisher={American Association for the Advancement of Science}
}

@article{bunce2018sustainability,
  title={Sustainability of minority culture when inter-ethnic interaction is profitable},
  author={Bunce, John A and McElreath, Richard},
  journal={Nature Human Behaviour},
  volume={2},
  number={3},
  pages={205--212},
  year={2018},
  publisher={Nature Publishing Group}
}

@article{herrmann2007humans,
  title={Humans have evolved specialized skills of social cognition: The cultural intelligence hypothesis},
  author={Herrmann, Esther and Call, Josep and Hern{\'a}ndez-Lloreda, Mar{\'\i}a Victoria and Hare, Brian and Tomasello, Michael},
  journal={science},
  volume={317},
  number={5843},
  pages={1360--1366},
  year={2007},
  publisher={American Association for the Advancement of Science}
}

@article{ziker2016indigenous,
  title={Indigenous {S}iberians solve collective action problems through sharing and traditional knowledge},
  author={Ziker, John P and Rasmussen, Joellie and Nolin, David A},
  journal={Sustainability Science},
  volume={11},
  number={1},
  pages={45--55},
  year={2016},
  publisher={Springer}
}

@article{gurven2001reservation,
  title={Reservation food sharing among the {Ache of Paraguay}},
  author={Gurven, Michael and Allen-Arave, Wesley and Hill, Kim and Hurtado, A Magdalena},
  journal={Human Nature},
  volume={12},
  number={4},
  pages={273--297},
  year={2001},
  publisher={Springer}
}

@article{hao2015need,
  title={Need-based transfers on a network: a model of risk-pooling in ecologically volatile environments},
  author={Hao, Yan and Armbruster, Dieter and Cronk, Lee and Aktipis, C Athena},
  journal={Evolution and Human Behavior},
  volume={36},
  number={4},
  pages={265--273},
  year={2015},
  publisher={Elsevier}
}

@article{aktipis2016cooperation,
  title={Cooperation in an uncertain world: {F}or the {Maasai of East Africa}, need-based transfers outperform account-keeping in volatile environments},
  author={Aktipis, Athena and De Aguiar, Rolando and Flaherty, Anna and Iyer, Padmini and Sonkoi, Dennis and Cronk, Lee},
  journal={Human Ecology},
  volume={44},
  number={3},
  pages={353--364},
  year={2016},
  publisher={Springer}
}

@article{koster2015multilevel,
  title={Multilevel modeling analysis of dyadic network data with an application to {Ye}'kwana food sharing},
  author={Koster, Jeremy and Leckie, George and Miller, Andrew and Hames, Raymond},
  journal={American Journal of Physical Anthropology},
  volume={157},
  number={3},
  pages={507--512},
  year={2015},
  publisher={Wiley Online Library}
}

@article{koster2011interhousehold,
  title={Interhousehold meat sharing among {Mayangna and Miskito} horticulturalists in {Nicaragua}},
  author={Koster, Jeremy},
  journal={Human Nature},
  volume={22},
  number={4},
  pages={394--415},
  year={2011},
  publisher={Springer}
}

@article{koster2014food,
  title={Food sharing networks in lowland Nicaragua: an application of the social relations model to count data},
  author={Koster, Jeremy M and Leckie, George},
  journal={Social Networks},
  volume={38},
  pages={100--110},
  year={2014},
  publisher={Elsevier}
}

@article{thomas2018kinship,
  title={Kinship underlies costly cooperation in {Mosuo} villages},
  author={Thomas, Matthew Gwynfryn and Ji, Ting and Wu, Jiajia and He, QiaoQiao and Tao, Yi and Mace, Ruth},
  journal={Royal Society Open Science},
  volume={5},
  number={2},
  pages={171535},
  year={2018},
  publisher={The Royal Society}
}

@article{hooper2015inclusive,
  title={Inclusive fitness and differential productivity across the life course determine intergenerational transfers in a small-scale human society},
  author={Hooper, Paul L and Gurven, Michael and Winking, Jeffrey and Kaplan, Hillard S},
  journal={Proceedings of the Royal Society B},
  volume={282},
  number={1803},
  pages={20142808},
  year={2015},
  publisher={The Royal Society}
}

@article{ramazi2016evolutionary,
  title={Evolutionary dynamics of homophily and heterophily},
  author={Ramazi, Pouria and Cao, Ming and Weissing, Franz J},
  journal={Scientific Reports},
  volume={6},
  pages={22766},
  year={2016},
  publisher={Nature Publishing Group}
}

@article{power2017social,
  title={Social support networks and religiosity in rural {South India}},
  author={Power, Eleanor A},
  journal={Nature Human Behaviour},
  volume={1},
  number={3},
  pages={0057},
  year={2017},
  publisher={Nature Publishing Group}
}

@article{jaeggi2016reciprocal,
  title={Reciprocal exchange patterned by market forces helps explain cooperation in a small-scale society},
  author={Jaeggi, Adrian V and Hooper, Paul L and Beheim, Bret A and Kaplan, Hillard and Gurven, Michael},
  journal={Current Biology},
  volume={26},
  number={16},
  pages={2180--2187},
  year={2016},
  publisher={Elsevier}
}

@article{nolin2010food,
  title={Food-sharing networks in {Lamalera, I}ndonesia},
  author={Nolin, David A},
  journal={Human Nature},
  volume={21},
  number={3},
  pages={243--268},
  year={2010},
  publisher={Springer}
}

@article{haselton2006paranoid,
  title={The paranoid optimist: An integrative evolutionary model of cognitive biases},
  author={Haselton, Martie G and Nettle, Daniel},
  journal={Personality and Social Psychology Review},
  volume={10},
  number={1},
  pages={47--66},
  year={2006},
  publisher={Sage Publications Sage CA: Los Angeles, CA}
}

@article{johnson2006hand,
  title={Hand of God, mind of man: Punishment and cognition in the evolution of cooperation},
  author={Johnson, Dominic and Bering, Jesse},
  journal={Evolutionary Psychology},
  volume={4},
  number={1},
  pages={147470490600400119},
  year={2006},
  publisher={SAGE Publications Sage CA: Los Angeles, CA}
}

@article{purzycki2016moralistic,
  title={Moralistic gods, supernatural punishment and the expansion of human sociality},
  author={Purzycki, Benjamin Grant and Apicella, Coren and Atkinson, Quentin D and Cohen, Emma and McNamara, Rita Anne and Willard, Aiyana K and Xygalatas, Dimitris and Norenzayan, Ara and Henrich, Joseph},
  journal={Nature},
  volume={530},
  number={7590},
  pages={327},
  year={2016},
  publisher={Nature Publishing Group}
}

@article{lehmann2006evolution,
	title={The evolution of cooperation and altruism---{A} general framework and a classification of models},
	author={Lehmann, Laurent and Keller, Laurent},
	journal={Journal of {E}volutionary {B}iology},
	volume={19},
	number={5},
	pages={1365--1376},
	year={2006},
	publisher={Wiley Online Library}
}

@article{queller1985kinship,
	title={Kinship, reciprocity and synergism in the evolution of social behaviour},
	author={Queller, David C},
	journal={Nature},
	volume={318},
	number={6044},
	pages={366},
	year={1985},
	publisher={Nature Publishing Group}
}

@article{boyd2003evolution,
  title={The evolution of altruistic punishment},
  author={Boyd, Robert and Gintis, Herbert and Bowles, Samuel and Richerson, Peter J},
  journal={Proceedings of the National Academy of Sciences},
  volume={100},
  number={6},
  pages={3531--3535},
  year={2003},
  publisher={National Acad Sciences}
}

@article{henrich2001people,
  title={Why People Punish Defectors},
  author={Henrich, Joseph and Boyd, Robert},
  journal={Journal of Theoretical Biology},
  volume={208},
  number={1},
  pages={79--89},
  year={2001}
}

@article{boyd1992punishment,
  title={Punishment allows the evolution of cooperation (or anything else) in sizable groups},
  author={Boyd, Robert and Richerson, Peter J},
  journal={Ethology and Sociobiology},
  volume={13},
  number={3},
  pages={171--195},
  year={1992},
  publisher={Elsevier}
}

@article{johnson2018inequality,
  title={Inequality as information: {W}ealth homophily facilitates the evolution of cooperation},
  author={Johnson, Tim and Smirnov, Oleg},
  journal={Scientific reports},
  volume={8},
  number={1},
  pages={11605},
  year={2018},
  publisher={Nature Publishing Group}
}

@article{gardner2010greenbeards,
  title={Greenbeards},
  author={Gardner, Andy and West, Stuart A},
  journal={Evolution: International Journal of Organic Evolution},
  volume={64},
  number={1},
  pages={25--38},
  year={2010},
  publisher={Wiley Online Library}
}

@book{alexander1987biology,
  title={The biology of moral systems},
  author={Alexander, Richard},
  year={1987},
  publisher={Aldine Transaction}
}

@article{nowak2005evolution,
  title={Evolution of indirect reciprocity},
  author={Nowak, Martin A and Sigmund, Karl},
  journal={Nature},
  volume={437},
  number={7063},
  pages={1291},
  year={2005},
  publisher={Nature Publishing Group}
}

@article{nowak1998dynamics,
  title={The dynamics of indirect reciprocity},
  author={Nowak, Martin A and Sigmund, Karl},
  journal={Journal of Theoretical Biology},
  volume={194},
  number={4},
  pages={561--574},
  year={1998},
  publisher={Academic Press}
}

@article{boyd1989evolution,
  title={The evolution of indirect reciprocity},
  author={Boyd, Robert and Richerson, Peter J},
  journal={Social Networks},
  volume={11},
  number={3},
  pages={213--236},
  year={1989},
  publisher={Citeseer}
}

@article{nowak1993strategy,
  title={A strategy of win-stay, lose-shift that outperforms tit-for-tat in the Prisoner's Dilemma game},
  author={Nowak, Martin and Sigmund, Karl},
  journal={Nature},
  volume={364},
  number={6432},
  pages={56},
  year={1993},
  publisher={Nature Publishing Group}
}

@article{trivers1971evolution,
  title={The evolution of reciprocal altruism},
  author={Trivers, Robert L},
  journal={The Quarterly Review of Biology},
  volume={46},
  number={1},
  pages={35--57},
  year={1971},
  publisher={Stony Brook Foundation, Inc.}
}

@article{axelrod1981evolution,
  title={The evolution of cooperation},
  author={Axelrod, Robert and Hamilton, William Donald},
  journal={Science},
  volume={211},
  number={4489},
  pages={1390--1396},
  year={1981},
  publisher={American Association for the Advancement of Science}
}

@article{axelrod2004altruism,
  title={Altruism via kin-selection strategies that rely on arbitrary tags with which they coevolve},
  author={Axelrod, Robert and Hammond, Ross A and Grafen, Alan},
  journal={Evolution},
  volume={58},
  number={8},
  pages={1833--1838},
  year={2004},
  publisher={Wiley Online Library}
}

@article{west2007evolutionary,
  title={Evolutionary explanations for cooperation},
  author={West, Stuart A and Griffin, Ashleigh S and Gardner, Andy},
  journal={Current Biology},
  volume={17},
  number={16},
  pages={R661--R672},
  year={2007},
  publisher={Elsevier}
}

@article{hamilton1964genetical,
  title={The genetical evolution of social behaviour.},
  author={Hamilton, William D},
  journal={Journal of Theoretical Biology},
  volume={7},
  number={1},
  pages={17--52},
  year={1964},
  publisher={Elsevier}
}

@article{gintis2003explaining,
  title={Explaining altruistic behavior in humans},
  author={Gintis, Herbert and Bowles, Samuel and Boyd, Robert and Fehr, Ernst},
  journal={Evolution and Human Behavior},
  volume={24},
  number={3},
  pages={153--172},
  year={2003},
  publisher={Elsevier}
}

@article{henrich2005economic,
  title={“{Economic man}” in cross-cultural perspective: {B}ehavioral experiments in 15 small-scale societies},
  author={Henrich, Joseph and Boyd, Robert and Bowles, Samuel and Camerer, Colin and Fehr, Ernst and Gintis, Herbert and McElreath, Richard and Alvard, Michael and Barr, Abigail and Ensminger, Jean and others},
  journal={Behavioral and {B}rain {S}ciences},
  volume={28},
  number={6},
  pages={795--815},
  year={2005},
  publisher={Cambridge University Press}
}

@book{henrich2004foundations,
  title={Foundations of human sociality: Economic experiments and ethnographic evidence from fifteen small-scale societies},
  author={Henrich, Joseph Patrick and Boyd, Robert and Bowles, Samuel and Fehr, Ernst and Camerer, Colin and Gintis, Herbert and others},
  year={2004},
  publisher={Oxford University Press on Demand}
}

@article{boyd1988evolution,
  title={The evolution of reciprocity in sizable groups},
  author={Boyd, Robert and Richerson, Peter J},
  journal={Journal of Theoretical Biology},
  volume={132},
  number={3},
  pages={337--356},
  year={1988},
  publisher={Elsevier}
}





@article{ready2018why,
author = {Ready, Elspeth and Power, Eleanor A.},
title = {Why Wage Earners Hunt: {Fo}od Sharing, Social Structure, and Influence in an {Arctic} Mixed Economy},
journal = {Current Anthropology},
volume = {59},
number = {1},
pages = {74-97},
year = {2018},
doi = {10.1086/696018}
}




@article{jensen2007chimpanzees,
  title={Chimpanzees are rational maximizers in an ultimatum game},
  author={Jensen, Keith and Call, Josep and Tomasello, Michael},
  journal={Science},
  volume={318},
  number={5847},
  pages={107--109},
  year={2007},
  publisher={American Association for the Advancement of Science}
}

@article{purzycki2016moralistic,
  title={Moralistic gods, supernatural punishment and the expansion of human sociality},
  author={Purzycki, Benjamin Grant and Apicella, Coren and Atkinson, Quentin D and Cohen, Emma and McNamara, Rita Anne and Willard, Aiyana K and Xygalatas, Dimitris and Norenzayan, Ara and Henrich, Joseph},
  journal={Nature},
  volume={530},
  number={7590},
  pages={327},
  year={2016},
  publisher={Nature Publishing Group}
}

@article{henrich2001search,
  title={In search of {H}omo {E}conomicus: {B}ehavioral experiments in 15 small-scale societies},
  author={Henrich, Joseph and Boyd, Robert and Bowles, Samuel and Camerer, Colin and Fehr, Ernst and Gintis, Herbert and McElreath, Richard},
  journal={American Economic Review},
  volume={91},
  number={2},
  pages={73--78},
  year={2001}
}

@article{gervais2017rich,
  title={{RICH} Economic games for networked relationships and communities: {D}evelopment and preliminary validation in {Y}asawa, {F}iji},
  author={Gervais, Matthew M},
  journal={Field Methods},
  volume={29},
  number={2},
  pages={113--129},
  year={2017},
  publisher={SAGE Publications Sage CA: Los Angeles, CA}
}

@book{mcelreath2008mathematical,
  title={Mathematical models of social evolution: A guide for the perplexed},
  author={McElreath, Richard and Boyd, Robert},
  year={2008},
  publisher={University of Chicago Press}
}

@article{price1970selection,
  title={Selection and covariance.},
  author={Price, George R},
  journal={Nature},
  volume={227},
  pages={520--521},
  year={1970},
  publisher={Lond.}
}

@article{frank1995george,
  title={George {P}rice's contributions to evolutionary genetics},
  author={Frank, Steven A},
  journal={Journal of Theoretical Biology},
  volume={175},
  number={3},
  pages={373--388},
  year={1995},
  publisher={Elsevier}
}

@article{wilson2009human,
  title={Human prosociality from an evolutionary perspective: {Variation} and correlations at a city-wide scale},
  author={Wilson, David Sloan and O'Brien, Daniel Tumminelli and Sesma, Artura},
  journal={Evolution and {H}uman {B}ehavior},
  volume={30},
  number={3},
  pages={190--200},
  year={2009},
  publisher={Elsevier}
}

@article{kim2015using,
  title={Using social network methods to test for assortment of prosociality among {Korean }high school students},
  author={Kim, Jun-Hong and Holman, Darryl J and Goodreau, Steven M},
  journal={PLOS One},
  volume={10},
  number={4},
  pages={e0125333},
  year={2015},
  publisher={Public Library of Science}
}

@article{ross2015sit,
  title={Sit-and-wait versus active-search hunting: A behavioral ecological model of optimal search mode},
  author={Ross, Cody T and Winterhalder, Bruce},
  journal={Journal of theoretical biology},
  volume={387},
  pages={76--87},
  year={2015},
  publisher={Elsevier}
}

@article{mandelbrot1960pareto,
  title={The Pareto-Levy law and the distribution of income},
  author={Mandelbrot, Benoit},
  journal={International Economic Review},
  volume={1},
  number={2},
  pages={79--106},
  year={1960},
  publisher={JSTOR}
}

@article{levy1928calcul,
  title={Calcul des probabilit{\'e}s},
  author={L{\'e}vy, Paul},
  year={1928},
  publisher={Gauthier-Villars}
}

@incollection{borak2005stable,
  title={Stable distributions},
  author={Borak, Szymon and H{\"a}rdle, Wolfgang and Weron, Rafa{\l}},
  booktitle={Statistical tools for finance and insurance},
  pages={21--44},
  year={2005},
  publisher={Springer}
}

@article{charnov1976ecological,
  title={Ecological implications of resource depression},
  author={Charnov, Eric L and Orians, Gordon H and Hyatt, Kim},
  journal={The American Naturalist},
  volume={110},
  number={972},
  pages={247--259},
  year={1976},
  publisher={University of Chicago Press}
}

  @Manual{R2017,
    title = {R: A Language and Environment for Statistical Computing},
    author = {{R Core Team}},
    organization = {R Foundation for Statistical Computing},
    address = {Vienna, Austria},
    year = {2016},
    url = {https://www.R-project.org/},
  }

@article{raichlen2014evidence,
  title={Evidence of L{\'e}vy walk foraging patterns in human hunter--gatherers},
  author={Raichlen, David A and Wood, Brian M and Gordon, Adam D and Mabulla, Audax ZP and Marlowe, Frank W and Pontzer, Herman},
  journal={Proceedings of the National Academy of Sciences},
  volume={111},
  number={2},
  pages={728--733},
  year={2014},
  publisher={National Acad Sciences}
}

@article{miramontes2012non,
  title={Non-L{\'e}vy mobility patterns of Mexican Me’Phaa peasants searching for fuel wood},
  author={Miramontes, Octavio and DeSouza, Og and Hern{\'a}ndez, Diego and Ceccon, Eliane},
  journal={Human ecology},
  volume={40},
  number={2},
  pages={167--174},
  year={2012},
  publisher={Springer}
}

@article{pearce2011walking,
  title={Walking the line: search behavior and foraging success in ant species},
  author={Pearce-Duvet, Jessica MC and Elemans, Coen PH and Feener, Donald H},
  journal={Behavioral Ecology},
  pages={arr001},
  year={2011},
  publisher={ISBE}
}

@article{ferrari2004beta,
  title={Beta regression for modelling rates and proportions},
  author={Ferrari, Silvia and Cribari-Neto, Francisco},
  journal={Journal of Applied Statistics},
  volume={31},
  number={7},
  pages={799--815},
  year={2004},
  publisher={Taylor \& Francis}
}

@article{sims2008scaling,
  title={Scaling laws of marine predator search behaviour},
  author={Sims, David W and Southall, Emily J and Humphries, Nicolas E and Hays, Graeme C and Bradshaw, Corey JA and Pitchford, Jonathan W and James, Alex and Ahmed, Mohammed Z and Brierley, Andrew S and Hindell, Mark A and others},
  journal={Nature},
  volume={451},
  number={7182},
  pages={1098--1102},
  year={2008},
  publisher={Nature Publishing Group}
}

@article{humphries2010environmental,
  title={Environmental context explains L{\'e}vy and Brownian movement patterns of marine predators},
  author={Humphries, Nicolas E and Queiroz, Nuno and Dyer, Jennifer RM and Pade, Nicolas G and Musyl, Michael K and Schaefer, Kurt M and Fuller, Daniel W and Brunnschweiler, Juerg M and Doyle, Thomas K and Houghton, Jonathan DR and others},
  journal={Nature},
  volume={465},
  number={7301},
  pages={1066--1069},
  year={2010},
  publisher={Nature Research}
}

@book{zuluaga1988historia,
  title={Historia de la comunidad ind{\'\i}gena cham{\'\i}},
  author={Zuluaga G{\'o}mez, V{\'\i}ctor and others},
  year={1988}
}

@article{maarell2002foraging,
  title={Foraging and movement paths of female reindeer: insights from fractal analysis, correlated random walks, and L{\'e}vy flights},
  author={M{\aa}rell, Anders and Ball, John P and Hofgaard, Annika},
  journal={Canadian Journal of Zoology},
  volume={80},
  number={5},
  pages={854--865},
  year={2002},
  publisher={NRC Research Press}
}

@article{stephens1981logic,
  title={The logic of risk-sensitive foraging preferences},
  author={Stephens, David W},
  journal={Animal Behaviour},
  volume={29},
  number={2},
  pages={628--629},
  year={1981},
  publisher={Academic Press}
}

@article{stephens1982optimal,
  title={Optimal foraging: some simple stochastic models},
  author={Stephens, David W and Charnov, Eric L},
  journal={Behavioral Ecology and Sociobiology},
  volume={10},
  number={4},
  pages={251--263},
  year={1982},
  publisher={Springer}
}

@article{bartumeus2002optimizing,
  title={Optimizing the encounter rate in biological interactions: L{\'e}vy versus Brownian strategies},
  author={Bartumeus, Frederic and Catalan, Jordi and Fulco, UL and Lyra, ML and Viswanathan, GM},
  journal={Physical Review Letters},
  volume={88},
  number={9},
  pages={097901},
  year={2002},
  publisher={APS}
}

@article{edwards2007revisiting,
  title={Revisiting L{\'e}vy flight search patterns of wandering albatrosses, bumblebees and deer},
  author={Edwards, Andrew M and Phillips, Richard A and Watkins, Nicholas W and Freeman, Mervyn P and Murphy, Eugene J and Afanasyev, Vsevolod and Buldyrev, Sergey V and da Luz, Marcos GE and Raposo, Ernesto P and Stanley, H Eugene and others},
  journal={Nature},
  volume={449},
  number={7165},
  pages={1044--1048},
  year={2007},
  publisher={Nature Publishing Group}
}

@article{oaten1977optimal,
  title={Optimal foraging in patches: a case for stochasticity},
  author={Oaten, Allan},
  journal={Theoretical population biology},
  volume={12},
  number={3},
  pages={263--285},
  year={1977},
  publisher={Elsevier}
}

@book{stoll1990latin,
  title={Is {Latin America} turning protestant?: The politics of evangelical growth},
  author={Stoll, David},
  year={1990},
  publisher={University of California Press}
}

@article{lesley1993religious,
  title={{Religious mobility and the many words of God in La Paz, Bolivia}},
  author={Gill, Lesley},
  journal={V. Garrard-Burnett y D. Stoll, Rethinking Protestantism in Latin America, Temple University Press, Philadelphia},
  pages={180--198},
  year={1993}
}

@article{krebs1974hunting,
  title={Hunting by expectation or optimal foraging? A study of patch use by chickadees},
  author={Krebs, John R and Ryan, John C and Charnov, Eric L},
  journal={Animal Behaviour},
  volume={22},
  pages={953--IN3},
  year={1974},
  publisher={Elsevier}
}

@article{wildhaber1994bluegills,
  title={Bluegills continuously update patch giving-up times based on foraging experience},
  author={Wildhaber, Mark L and Green, Richard F and Crowder, Larry B},
  journal={Animal behaviour},
  volume={47},
  number={3},
  pages={501--513},
  year={1994},
  publisher={Elsevier}
}

@book{abrahamsen1997review,
  title={A review of Gaussian random fields and correlation functions},
  author={Abrahamsen, Petter},
  year={1997},
  publisher={Norsk Regnesentral/Norwegian Computing Center}
}

@article{weisstein2002polar,
  title={Polar coordinates},
  author={Weisstein, Eric W},
  year={2002},
  url={http://mathworld.wolfram.com/PolarCoordinates.html},
  publisher={Wolfram Research, Inc.}
}

@article{kitowski2009social,
  title={Social learning of hunting skills in juvenile marsh harriers Circus aeruginosus},
  author={Kitowski, Ignacy},
  journal={Journal of ethology},
  volume={27},
  number={3},
  pages={327--332},
  year={2009},
  publisher={Springer}
}

@article{leadbeater2007social,
  title={Social learning in insects—from miniature brains to consensus building},
  author={Leadbeater, Ellouise and Chittka, Lars},
  journal={Current biology},
  volume={17},
  number={16},
  pages={R703--R713},
  year={2007},
  publisher={Elsevier}
}

@article{humphries2014optimal,
  title={Optimal foraging strategies: L{\'e}vy walks balance searching and patch exploitation under a very broad range of conditions},
  author={Humphries, Nicolas E and Sims, David W},
  journal={Journal of theoretical biology},
  volume={358},
  pages={179--193},
  year={2014},
  publisher={Elsevier}
}

@article{eaton1970predatory,
  title={The predatory sequence, with emphasis on killing behavior and its ontogeny, in the cheetah (Acinonyx jubatus Schreber)},
  author={Eaton, Randall L},
  journal={Ethology},
  volume={27},
  number={4},
  pages={492--504},
  year={1970},
  publisher={Wiley Online Library}
}

@article{gumbert2000color,
  title={Color choices by bumble bees (Bombus terrestris): innate preferences and generalization after learning},
  author={Gumbert, Andreas},
  journal={Behavioral Ecology and Sociobiology},
  volume={48},
  number={1},
  pages={36--43},
  year={2000},
  publisher={Springer}
}

@article{riffell2008behavioral,
  title={Behavioral consequences of innate preferences and olfactory learning in hawkmoth--flower interactions},
  author={Riffell, Jeffrey A and Alarc{\'o}n, Ruben and Abrell, Leif and Davidowitz, Goggy and Bronstein, Judith L and Hildebrand, John G},
  journal={Proceedings of the National Academy of Sciences},
  volume={105},
  number={9},
  pages={3404--3409},
  year={2008},
  publisher={National Acad Sciences}
}

@article{hewlett2011social,
  title={Social learning among Congo Basin hunter--gatherers},
  author={Hewlett, Barry S and Fouts, Hillary N and Boyette, Adam H and Hewlett, Bonnie L},
  journal={Philosophical Transactions of the Royal Society of London B: Biological Sciences},
  volume={366},
  number={1567},
  pages={1168--1178},
  year={2011},
  publisher={The Royal Society}
}

@article{benhamou2015ultimate,
  title={Ultimate failure of the L{\'e}vy Foraging Hypothesis: Two-scale searching strategies outperform scale-free ones even when prey are scarce and cryptic},
  author={Benhamou, Simon and Collet, Julien},
  journal={Journal of theoretical biology},
  volume={387},
  pages={221--227},
  year={2015},
  publisher={Elsevier}
}

@article{barrett2017payoff,
  title={Payoff-biased social learning underlies the diffusion of novel extractive foraging traditions in a wild primate},
  author={Barrett, Brendan J and McElreath, Richard and Perry, Susan},
  journal={bioRxiv},
  pages={110221},
  year={2017},
  publisher={Cold Spring Harbor Labs Journals}
}

@article{plank2009sampling,
  title={Sampling rate and misidentification of L{\'e}vy and non-L{\'e}vy movement paths},
  author={Plank, Michael J and Codling, Edward A},
  journal={Ecology},
  volume={90},
  number={12},
  pages={3546--3553},
  year={2009},
  publisher={Wiley Online Library}
}

@article{jackson1993spider,
  title={Spider flexibly chooses aggressive mimicry signals for different prey by trial and error},
  author={Jackson, Robert R and Wilcox, R Stimson},
  journal={Behaviour},
  volume={127},
  number={1},
  pages={21--36},
  year={1993},
  publisher={Brill}
}

@article{hagen2006game,
  title={Game theory and human evolution: A critique of some recent interpretations of experimental games},
  author={Hagen, Edward H and Hammerstein, Peter},
  journal={Theoretical Population Biology},
  volume={69},
  number={3},
  pages={339--348},
  year={2006},
  publisher={Elsevier}
}

@article{camerer2011promise,
  title={The promise and success of lab-field generalizability in experimental economics: A critical reply to Levitt and List},
  author={Camerer, Colin},
  journal={Available at SSRN 1977749},
  year={2011}
}

@article{camerer2018evaluating,
  title={Evaluating the replicability of social science experiments in {N}ature and {S}cience between 2010 and 2015},
  author={Camerer, Colin F and Dreber, Anna and Holzmeister, Felix and Ho, Teck-Hua and Huber, J{\"u}rgen and Johannesson, Magnus and Kirchler, Michael and Nave, Gideon and Nosek, Brian A and Pfeiffer, Thomas and others},
  journal={Nature Human Behaviour},
  volume={2},
  number={9},
  pages={637},
  year={2018},
  publisher={Nature Publishing Group}
}

@article{camerer2016evaluating,
  title={Evaluating replicability of laboratory experiments in economics},
  author={Camerer, Colin F and Dreber, Anna and Forsell, Eskil and Ho, Teck-Hua and Huber, J{\"u}rgen and Johannesson, Magnus and Kirchler, Michael and Almenberg, Johan and Altmejd, Adam and Chan, Taizan and others},
  journal={Science},
  volume={351},
  number={6280},
  pages={1433--1436},
  year={2016},
  publisher={American Association for the Advancement of Science}
}


@article{viswanathan2008levy,
  title={L{\'e}vy flights and superdiffusion in the context of biological encounters and random searches},
  author={Viswanathan, GM and Raposo, EP and Da Luz, MGE},
  journal={Physics of Life Reviews},
  volume={5},
  number={3},
  pages={133--150},
  year={2008},
  publisher={Elsevier}
}

@article{viswanathan1999optimizing,
  title={Optimizing the success of random searches},
  author={Viswanathan, Gandimohan M and Buldyrev, Sergey V and Havlin, Shlomo and Da Luz, MGE and Raposo, EP and Stanley, H Eugene},
  journal={Nature},
  volume={401},
  number={6756},
  pages={911--914},
  year={1999},
  publisher={Nature Publishing Group}
}

  @Misc{Rstan2017xx,
    title = {{RStan}: {T}he {R} interface to {Stan}},
    author = {{Stan Development Team}},
    note = {R package version 2.19.2},
    year = {2019},
    url = {http://mc-stan.org/},
  }

@article{rhee2011levy,
  title={On the levy-walk nature of human mobility},
  author={Rhee, Injong and Shin, Minsu and Hong, Seongik and Lee, Kyunghan and Kim, Seong Joon and Chong, Song},
  journal={IEEE/ACM transactions on networking (TON)},
  volume={19},
  number={3},
  pages={630--643},
  year={2011},
  publisher={IEEE Press}
}

@article{Vayda1961,
author = {Vayda, Andrew P.},
doi = {10.1525/aa.1961.63.2.02a00060},
issn = {0002-7294},
journal = {American Anthropologist},
number = {2},
pages = {346--358},
title = {{Expansion and warfare among swidden agriculturalists}},
volume = {63},
year = {1961}
}

@article{Rusch2014,
author = {Rusch, Hannes},
doi = {10.1098/rspb.2014.1539},
issn = {14712954},
journal = {Proceedings of the Royal Society B},
number = {1794},
title = {{The evolutionary interplay of intergroup conflict and altruism in humans: A review of parochial altruism theory and prospects for its extension}},
volume = {281},
year = {2014}
}

@article{Camerer1995,
author = {Camerer, Colin and Thaler, Richard H},
journal = {The Journal of Economic Perspectives},
number = {2},
pages = {209--219},
title = {{Anomalies: Ultimatums, dictators and manners}},
volume = {9},
year = {1995}
}

@incollection{Gil-white2004,
author = {Gil-white, Francisco J},
booktitle = {Foundations of Human Sociality},
mendeley-groups = {Econ Game,Corruption},
pages = {260--304},
publisher = {Oxford University Press},
title = {{Ultimatum game with an ethnicity manipulation: Results from Khovdiin Bulgan Sum, Mongolia}},
year = {2004}
}

@incollection{Cattell1988,
address = {Boston, Massachusetts},
author = {Cattell, Raymond B.},
booktitle = {Handbook of Multivariate Experimental Psychology},
edition = {2nd editio},
editor = {Nesselroade, John R. and Cattell, Raymond B.},
pages = {21--67},
publisher = {Springer},
title = {{The principles of experimental design and analysis in relation to theory building}},
year = {1988}
}

@article{Fehr2002,
author = {Fehr, Ernst and G{\"{a}}chter, Simon},
issn = {0028-0836},
journal = {Nature},
number = {6868},
pages = {137--40},
title = {{Altruistic punishment in humans}},
volume = {415},
year = {2002}
}

@book{bellmoya,
author = {Bell, Adrian and Moya, Cristina},
title = {{Evolution of outgroup aversion within and across territories}},
year={2021},
publisher={Working paper}
}

@book{hruschka2010,
address = {Berkeley, CA},
author = {Hruschka, Daniel J.},
pages = {383},
publisher = {University of California Press},
title = {{Friendship: Development, Ecology, and Evolution of a Relationship}},
year = {2010}
}

@article{glowacki2020,
author = {Glowacki, Luke},
journal = {Biosystems},
pages = {104257},
title = {{The emergence of locally adaptive institutions: Insights from traditional social structures of East African pastoralists}},
volume = {198},
year = {2020}
}

@article{north1991,
author = {North, Douglass C},
journal = {The Journal of Economic Perspectives},
number = {1},
pages = {97--112},
title = {{Institutions}},
volume = {5},
year = {1991}
}

@article{lightner2017,
  title={Radical framing effects in the ultimatum game: The impact of explicit culturally transmitted frames on economic decision-making},
  author={Lightner, Aaron D and Barclay, Pat and Hagen, Edward H},
  journal={Royal Society Open Science},
  volume={4},
  number={12},
  pages={170543},
  year={2017},
  publisher={The Royal Society Publishing}
}

@book{boydricherson1985,
address = {Chicago},
author = {Boyd, R and Richerson, P J},
publisher = {University of Chicago Press},
title = {{Culture and the evolutionary process}},
year = {1985}
}

@article{pisorjones2020,
author = {Pisor, Anne C. and Jones, James Holland},
doi = {10.1002/ajhb.23525},
journal = {American Journal of Human Biology},
number = {e23525},
title = {{Do people manage climate risk through long-distance relationships?}},
url = {https://doi.org/10.1002/ajhb.23525},
pages = {e23525},
year = {2020}
}

@article{waring2015,
author = {Waring, Timothy M. and Kline, Michelle Ann and Brooks, Jeremy S. and Goff, Sandra H. and Gowdy, John and Janssen, Marco A. and Smaldino, Paul E. and Jacquet, Jennifer},
doi = {10.5751/ES-07634-200234},
issn = {17083087},
journal = {Ecology and Society},
keywords = {Cooperation,Cultural evolution,Multilevel selection,Sustainability,Theory},
number = {2},
title = {{A multilevel evolutionary framework for sustainability analysis}},
volume = {20},
year = {2015}
}

@article{Naar2020,
author = {Naar, Nicole},
doi = {10.1111/aman.13483},
issn = {15481433},
journal = {American Anthropologist},
pages = {1--15},
title = {{Gaming anthropology: The problem of external validity and the challenge of interpreting experimental games}},
year = {2020}
}

@incollection{Friedman2004,
address = {London},
author = {Friedman, Daniel and Cassar, Alessandra},
booktitle = {Economics Lab: An Intensive Course in Experimental Economics},
editor = {Friedman, Daniel and Cassar, Alessandra and Selten, Reinhard},
pages = {12--24},
publisher = {Psychology Press},
title = {{Economists go to the laboratory: Who, what, when, and why}},
year = {2004}
}